2692 4576
660 253 677 316 7

140 441 283 520 debetur,
311 459 393 525 quae
422 443 542 523 quanta
566 443 607 505 sit
628 441 688 504 hac
712 458 842 523 quoque
871 439 1086 523 disputatione
1110 458 1201 522 spero

139 549 336 611 illustratum
359 547 408 609 iri.
455 544 523 610 Neo
548 547 768 631 spernendum
789 530 929 629 pretium
952 546 1107 629 opusculo
1131 565 1202 609 meo

141 673 344 718 accessurum
368 652 503 732 confide,
528 652 614 736 quod
637 653 736 715 huius
761 651 879 714 codicis
895 652 1038 735 itemque
1053 651 1202 715 Vaticani

139 780 238 824 novas
278 760 463 823 collationes
499 759 651 822 adhibere
684 758 763 820 mihi
804 759 946 840 contigit,
984 757 1023 820 ab
1062 759 1201 822 Henrico

138 866 265 946 Iordan,
292 871 495 949 praeceptore
524 865 738 945 dilectissimo,
767 865 1008 928 accuratissime
1035 864 1201 928 confectas.

131 948 135 964 ¹
243 972 316 1036 Hoc
349 977 515 1055 praeterea
551 989 664 1033 moneo
696 970 871 1033 lectionum
895 970 1095 1034 diversitates
1120 990 1203 1054 quae

140 1079 180 1141 ad
204 1079 378 1141 dialectum
400 1080 563 1160 pertinent
584 1096 637 1139 me
656 1095 721 1139 non
738 1077 903 1158 attingere,
927 1078 1080 1159 quoniam
1097 1095 1203 1160 neque

141 1184 245 1247 decidi
271 1184 448 1266 quidquam
471 1187 582 1265 potest,
607 1190 642 1245 ut
664 1183 893 1265 unusquisque
910 1183 1071 1264 concedet,
1094 1183 1155 1246 hac
1170 1186 1203 1247 in

140 1309 176 1353 re
190 1291 270 1353 locis
285 1290 433 1370 laudatis,
449 1277 559 1371 neque*
569 1288 717 1351 Rennero
743 1289 986 1352 assentiendum
1002 1308 1072 1353 esse
1088 1308 1203 1353 censeo

140 1394 199 1458 uni
221 1396 351 1459 modulo
376 1397 484 1458 omnia
505 1397 541 1458 in
563 1393 773 1477 Theognideis
794 1414 876 1477 quae
892 1395 1038 1459 feruntur
1053 1396 1203 1479 adaptare

139 1503 278 1565 conanti.
326 1501 462 1585 Ziegleri
484 1503 592 1585 potius
617 1501 795 1564 sententiae
818 1501 933 1565 accedo
956 1504 990 1564 in
1014 1502 1061 1566 ed.
1086 1522 1115 1585 p.
1140 1501 1204 1565 VII

136 1609 214 1672 haec
231 1608 393 1671 dicentis:
431 1657 446 1690 „
471 1657 478 1672 .
503 1656 509 1670 .
534 1655 572 1670 ..
605 1626 662 1689 per
696 1608 804 1670 omnia
826 1613 863 1670 ut
887 1627 961 1671 eum
985 1605 1201 1692 (Rennerum)

137 1733 302 1797 sequerer,
333 1735 351 1776 a
373 1733 426 1777 me
449 1715 621 1797 impetrare
644 1732 708 1775 non
734 1714 832 1795 potui.
880 1711 972 1788 Quod
996 1715 1024 1776 si
1047 1713 1204 1795 fecissem,

140 1839 234 1903 saepe
259 1822 455 1903 optimorum
477 1819 634 1881 librorum
658 1820 815 1901 scriptura
838 1818 1064 1881 commutanda
1081 1819 1204 1902 fuisset,

141 1930 178 1988 ut
201 1946 255 1990 σοι
278 1925 368 1988 fieret
391 1947 453 2002 τοι,
479 1946 514 1987 ου
537 1946 579 2000 ev,
605 1947 631 1986 ω
647 1945 699 2002 cio,
718 1946 750 1987 οι
766 1945 824 2001 cot,
841 1946 861 2010 q
877 1945 924 2000 co,
940 1945 988 2001 εις
1003 1946 1065 2002 cog.
1089 1924 1205 1990 Tutius

141 2031 221 2094 mihi
237 2032 342 2094 visum
360 2036 408 2093 est
423 2030 515 2112 sequi
531 2030 716 2112 exemplum
732 2047 853 2110 eorum,
873 2031 981 2113 quiin
997 2029 1205 2104 carminibus,

142 2157 224 2221 quae
247 2157 354 2220 neque
379 2137 519 2198 auctoris
543 2154 649 2218 neque
665 2137 776 2198 aetatis
794 2137 891 2198 unius
907 2143 992 2218 sunt,
1014 2156 1079 2200 non
1097 2139 1205 2200 omnia

140 2244 181 2307 ad
204 2264 306 2307 unam
327 2244 526 2325 eandemque
541 2261 688 2306 normam
704 2241 879 2324 redigenda
894 2261 964 2306 esse
981 2242 1204 2307 arbitrantur.“

244 2351 312 2414 Neo
335 2370 389 2414 eos
412 2351 500 2413 locos
523 2386 567 2396 -·-
590 2367 631 2412 ne
656 2348 729 2430 quis
749 2347 969 2431 neglegentiae
985 2368 1036 2412 me
1052 2356 1205 2432 coarguat

141 2457 276 2521 laudata
310 2457 468 2521 nonnulla
492 2455 678 2519 desiderans
702 2491 745 2500 —
769 2457 1024 2536 commemoravi,
1059 2455 1099 2518 ad
1123 2475 1204 2538 quos

140 2565 186 2626 sic
221 2567 349 2626 tantum
383 2563 513 2645 respicit
536 2563 681 2644 scriptor,
714 2565 751 2623 ut
774 2579 858 2643 quae
882 2563 1058 2624 sententiae
1076 2563 1205 2645 propria

140 2667 239 2731 verba
268 2668 388 2732 fuerint
412 2668 496 2732 effici
517 2687 583 2731 non
606 2668 714 2751 possit.
760 2665 802 2728 Et
823 2666 857 2727 in
883 2667 942 2729 hoc
967 2688 1097 2750 quoque
1120 2671 1204 2731 vitu-

140 2774 303 2857 perandus
339 2773 505 2856 Sitzlerus,
539 2773 626 2858 quod
659 2774 694 2835 in
729 2771 993 2837 adnotationibus
1026 2775 1105 2837 haec
1140 2776 1204 2838 duo

139 2899 258 2965 genera
280 2899 346 2943 non
371 2881 522 2944 distinxit
544 2900 563 2944 a
585 2878 725 2962 Bergkio
750 2884 898 2942 accurate
921 2880 1066 2944 discreta.

166 3046 170 3052 ,
248 2985 342 3062 Quod
374 2985 488 3051 attinet
523 2987 661 3068 denique
695 2984 735 3047 ad
769 2986 919 3049 materiae
955 2986 1205 3071 dispositionem,

140 3097 242 3156 totum
259 3095 450 3177 scriptorum
468 3110 640 3160 numerum
658 3095 896 3173 extemporum
913 3092 1026 3157 ordine
1043 3094 1204 3176 digestum

67 3232 70 3236 ι
138 3203 276 3262 tractare
309 3200 416 3281 statui,
450 3200 494 3262 ita
527 3203 637 3262 tamen
671 3203 709 3260 ut
739 3197 778 3259 de
801 3196 937 3262 Stobaeo
961 3218 1002 3262 ex
1026 3207 1205 3266 ceterorum

138 3306 383 3368 continuatione
408 3305 605 3388 ‘deprompto
639 3306 742 3387 primo
771 3304 970 3386 dissererem,
1006 3308 1124 3391 quippe
1149 3308 1204 3390 qui

136 3411 233 3494 longe
265 3412 442 3474 maximam
476 3412 623 3474 locorum
659 3411 782 3493 copiam
811 3412 962 3494 praebeat
985 3418 1017 3476 et
1038 3414 1124 3477 inter
1146 3399 1204 3476 hos

127 3517 259 3582 multos
284 3524 515 3582 controversus.

244 3623 320 3688 Jam
344 3624 542 3688 absolvimus
567 3642 650 3706 quae
673 3624 859 3686 censuimus
875 3624 1112 3706 praemonenda
1133 3643 1204 3697 esse

140 3733 171 3791 et
192 3730 299 3812 ipsum
321 3733 520 3815 propositum
547 3729 780 3813 aggrediamur.

169 3851 172 3855 ’
243 3834 292 3900 De
314 3836 476 3901 Stobaeo
510 3839 707 3921 scripserunt
729 3836 888 3919 Berglrius
917 3838 953 3899 in
981 3835 1204 3899 dissertatione

138 3959 162 4004 s.
186 3941 205 4003 l.
229 3963 258 4025 p.
293 3943 356 4005 396
381 3963 462 4026 sqq,
484 3942 720 4008 Bernhardtius
747 3943 950 4007 Nietzschius
973 3941 1117 4004 Hensius
1139 3941 1159 4003 l.
1182 3942 1202 4004 l.

135 4045 318 4111 Nonnullos
351 4049 438 4113 locos
472 4049 514 4114 M.
549 4048 695 4113 Schmidt
734 4066 863 4132 quoquc
895 4048 1042 4111 tractavit
1075 4045 1095 4111 l.
1126 4046 1145 4109 l.
1174 4068 1204 4130 p.
