2708 4574
665 260 686 326 5

250 447 327 530 „Die
349 448 486 512 Absicht
508 448 571 528 hat,
595 445 656 508 den
680 444 852 511 Freunden
877 447 1095 528 wohlzuthun,

250 553 309 636 „So
332 554 415 617 fithlt
437 574 513 617 man
538 552 674 616 Absicht
696 554 765 616 und
788 573 864 616 man
886 553 1156 617 10000000οι00ῒέί

250 659 320 736 Quo
366 662 513 744 exemplo
557 659 695 722 alterum
741 679 871 742 quoque
907 660 992 742 quod
1027 663 1206 723 statuemus

144 769 332 830 mutationis
360 787 463 851 genus
486 767 677 847 illustratur,
713 765 752 828 de
775 787 841 848 qua
863 786 899 830 re
923 767 1075 830 continuo
1100 765 1207 828 dicen-

145 874 223 937 dum
256 876 324 937 erit.
369 873 410 936 Iu
431 872 642 956 Theognideis
671 891 801 954 quoque
825 873 904 936 locis
927 892 1065 954 magnus
1089 872 1207 936 discre-

144 982 328 1064 pantiarum
352 999 519 1060 numerus,
546 977 812 1060 innaturalem,
835 978 891 1040 tali
913 978 1008 1040 modo
1033 983 1122 1041 ortus
1145 983 1206 1058 est3

147 1107 211 1170 qua
235 1087 342 1168 dere,
366 1088 513 1168 quamvis
536 1085 675 1167 simplex
703 1085 852 1148 videatur
876 1103 946 1148 esse
970 1090 1067 1168 atque
1091 1089 1208 1168 aperta,

145 1198 255 1254 tamen
277 1192 447 1255 falsissime
469 1191 646 1275 iudicatum
670 1195 727 1271 est,
749 1195 788 1254 ut
809 1195 889 1274 puta
911 1191 951 1254 de
968 1190 1117 1254 versibus
1136 1191 1207 1252 175.

149 1298 221 1379 176,
246 1298 285 1360 de
309 1297 427 1380 quibus
451 1319 479 1360 0.
503 1298 587 1360 infra
609 1317 638 1380 p.
665 1298 704 1359 12
730 1316 797 1379 sqq.

253 1403 287 1488 2)
306 1403 384 1468 lilius
397 1406 455 1488 qui
467 1405 536 1467 loco
549 1404 657 1486 aliquo
670 1405 773 1466 utitur
783 1406 916 1467 interest
925 1422 1059 1467 sensum
1069 1421 1206 1483 servare,

146 1529 212 1572 000
223 1510 330 1573 verba.
346 1511 481 1574 Accedit
493 1511 579 1592 quod
594 1511 618 1572 ii
635 1511 692 1592 qui
708 1514 745 1572 ut
760 1529 855 1572 suum
871 1511 1015 1592 ipsorum
1029 1527 1208 1576 sermonem

146 1617 344 1680 illustrarent
362 1623 513 1680 ornarent
523 1615 750 1680 confirmarent
765 1617 939 1679 sententias
956 1617 986 1678 ei
1000 1617 1210 1678 inseruerunt

147 1724 326 1805 scriptores
361 1725 478 1806 quippe
514 1723 571 1805 qui
606 1723 740 1785 minoris
776 1721 915 1784 ambitus
949 1722 1037 1784 locos
1072 1721 1211 1802 allegare

147 1829 279 1909 soleant⁷
312 1829 503 1910 plerumque
537 1828 589 1889 vel
624 1846 750 1909 semper
783 1827 851 1888 sola
885 1828 1039 1889 memoria
1073 1825 1209 1889 confisos

147 1952 218 1996 esse
248 1934 430 2016 putandum
453 1939 502 2021 est
527 1933 703 2014 exemplari
725 1951 792 1994 000
815 1933 970 1995 consulto.
1018 1929 1146 2006 Quibus
1171 1931 1209 1994 de

148 2040 254 2102 causis
278 2058 461 2119 synonyma
489 2039 661 2122 praecipue
683 2039 768 2100 inter
787 2058 820 2101 se
841 2043 1011 2101 mutantur
1025 2038 1211 2120 multaeque

147 2145 227 2208 aliae
251 2146 483 2228 discrepantiae
506 2146 663 2207 criuntur.
705 2143 746 2206 Et
769 2145 868 2207 huius
893 2163 1021 2227 quoque
1035 2146 1083 2207 rei
1099 2163 1207 2208 exem-

146 2251 246 2334 plum,
268 2258 305 2314 ut
327 2254 392 2314 iam
409 2252 486 2332 dixi,
505 2249 631 2314 Gcethii
647 2251 728 2315 illud
745 2256 795 2314 est
811 2256 940 2334 propter
956 2249 1055 2314 verba
1071 2249 1209 2332 „morht‘

146 2378 203 2441 pro
228 2359 354 2440 „fuhlcg
378 2358 491 2439 „wird‘
515 2377 572 2439 000
598 2359 672 2440 „ist‘
697 2359 810 2441 posita.
839 2356 869 2420 N
872 2376 907 2420 ec
930 2359 955 2419 ii
976 2357 1096 2439 quibus
1113 2356 1210 2418 altera

148 2467 339 2548 scriptorum
375 2465 460 2546 apud
496 2483 577 2547 quos
611 2472 779 2547 poetarum
807 2465 1210 2546 aliorumque-sententiae

148 2578 320 2634 occurrunt
343 2571 453 2635 classis
477 2572 669 2653 continetur,
699 2571 921 2653 compilatores
946 2569 1017 2632 dico
1041 2575 1072 2632 et
1094 2568 1211 2632 florile-

148 2677 275 2758 giorum
310 2685 472 2760 00010000,
513 2681 695 2742 accuratius
729 2678 952 2759 religiosiusve
980 2675 1125 2739 fecerunt
1147 2675 1211 2738 illis

148 2783 355 2866 temporibus,
390 2805 486 2866 quam
521 2785 559 2846 ad
585 2785 773 2847 sententiam
799 2783 978 2845 deducatur
999 2781 1133 2844 fortasse
1157 2781 1212 2843 cui

147 2890 182 2951 in
217 2895 357 2954 mentem
389 2891 479 2953 venit
506 2891 608 2952 nostri
631 2891 701 2951 aeri
725 2889 983 2971 anthologiarum
1007 2887 1211 2971 diligentissi-

148 3015 274 3058 morum
307 2997 565 3079 compositorum.
613 2993 706 3069 erod
741 2993 868 3058 Stcbaei
902 2994 1049 3077 exemplo
1084 2995 1211 3076 egregie

149 3098 365 3183 confirmatur,
400 3104 439 3166 de
473 3121 537 3184 000
570 3101 655 3164 infra
690 3102 870 3164 accuratius
894 3100 1117 3164 disserendum
1141 3101 1209 3163 erit.

147 3206 218 3270 Hoc
256 3209 391 3272 alterum
442 3227 570 3291 quoque
615 3209 832 3270 mutationum
869 3226 973 3290 genus
1014 3226 1211 3289 quamquam

148 3299 455 3396 manifestissimum,
494 3314 660 3378 nonnullis
694 3319 801 3376 tamen
837 3313 915 3376 locis
950 3334 969 3376 0
995 3314 1075 3376 viris
1111 3313 1212 3377 doctis

147 3440 266 3504 parum
299 3423 498 3486 intellectum
532 3426 589 3501 est,
624 3428 660 3482 ut
694 3418 734 3480 ab
769 3418 955 3506 Hartungio
990 3419 1029 3481 de
1066 3419 1212 3482 lectionis

148 3529 303 3591 varietate
336 3529 474 3611 quadam
504 3530 539 3590 in
563 3548 592 3588 v.
618 3526 681 3586 215
706 3526 824 3588 mirum
856 3526 1015 3588 iudicium
1042 3520 1213 3606 facientil)

150 3631 299 3696 Ceterum
334 3653 389 3698 eas
426 3635 602 3697 lectionum
634 3631 864 3714 discrepantias
899 3651 979 3714 quas
1018 3631 1078 3693 hoc
1116 3628 1212 3691 modo
1296 3691 1298 3695 .

151 3743 235 3801 ortas
263 3759 332 3804 0000
359 3743 464 3824 primo
492 3740 644 3822 adspectu
673 3744 803 3821 apparet
826 3740 930 3800 crucis
954 3738 1045 3820 siguo
1069 3735 1211 3818 apposito

151 3847 276 3908 notabo

258 4073 285 4143 1)
304 4075 337 4130 V.
356 4073 427 4127 infra
443 4073 514 4127 inter
531 4073 604 4126 locos
622 4071 759 4128 Plutarch.
