2692 4576
660 216 682 279 4

141 400 385 484 Heimsoethffl)
406 401 556 466 Mauricii
577 398 746 481 Schmidt2)
769 368 1199 486 Renner13)'Bernnardtn4)

142 515 174 574 et
207 505 351 589 Hensii5)
387 509 541 590 (virorum
576 508 615 571 de
647 506 782 570 Stobaeo
821 512 946 589 praeter
979 505 1201 570 Nietzschium

142 617 284 679 maxime
306 613 516 697 meritorum).

247 720 367 801 Restat,
402 725 439 784 ut
472 723 660 805 priusquam
679 703 687 738 ²
697 718 738 781 ad
760 718 847 781 locos
874 719 960 802 ipsos
984 718 1204 801 congerendos·

141 827 354 910 aggredimur,
376 827 585 902 fundamenta
608 826 716 907 aliqua
738 835 907 920 ponamus,
931 824 1050 908 quibus
1073 826 1136 888 nisi
1160 825 1200 887 ad

141 935 260 997 certius
299 934 338 997 de
372 933 508 1016 singulis
545 932 702 994 iudicium
736 933 970 1013 perveniamus.
1016 930 1087 993 Hoc
1115 932 1202 994 enim

142 1044 328 1102 erraverunt
344 1040 406 1102 riri
419 1039 511 1120 docti,
531 1039 558 1102 si
569 1043 654 1100 recte
665 1037 783 1117 iudico,
800 1037 886 1120 quod
902 1057 962 1101 nec
976 1038 1121 1101 locorum
1133 1038 1202 1101 lau·
1236 1036 1238 1040 ’
1292 1019 1300 1025 ’

142 1145 290 1207 datorum
308 1147 516 1228 proprietates
532 1149 562 1208 et
575 1143 771 1224 singularem
789 1149 941 1206 naturam
961 1131 1037 1207 satis
1054 1156 1202 1208 accurato

141 1252 347 1333 respicientes
375 1270 435 1314 neo
464 1250 584 1333 quibus
612 1250 753 1311 maxime
781 1252 995 1314 mutationum
1029 1250 1203 1334 generibus

143 1358 267 1421 soleant
290 1357 392 1420 eidem
417 1362 525 1440 patere
547 1357 735 1440 affingentes
752 1355 811 1418 sibi
827 1358 862 1418 in
879 1359 996 1436 anime,
1012 1357 1050 1420 de
1067 1357 1203 1440 singulis

140 1465 176 1525 in
200 1482 275 1526 eum
297 1462 430 1525 modum
454 1465 520 1526 fere
543 1463 777 1543 iudicaverunt,
800 1466 838 1524 ut
854 1462 1026 1545 probarent
1043 1464 1205 1546 quaeplae

142 1574 263 1650 cerent,
297 1588 379 1652 quae
418 1570 527 1632 minus
562 1570 684 1651 saporis
718 1569 810 1650 quasi
846 1569 981 1630 iucundi
1018 1570 1204 1632 riderentur

143 1675 296 1758 praebere
319 1676 482 1739 reicerent.
517 1673 585 1738 Nec
600 1675 660 1737 hoc
676 1675 818 1737 contenti
836 1674 982 1756 plerique
998 1677 1203 1757 maximeque

141 1781 301 1865 Bergkius
324 1783 516 1847 testimoniis
539 1780 683 1865 praebita
699 1774 829 1842 omnino
845 1800 920 1844 oum
938 1780 1047 1844 farore
1064 1782 1202 1864 quodam

142 1889 387 1971 amplectuntur,
411 1908 475 1971 quo
498 1908 535 1952 ea
557 1889 691 1950 minime
716 1887 812 1970 digna
835 1907 905 1950 esse
927 1887 1118 1971 probaturos
1143 1906 1202 1950 nos

142 2014 317 2077 speramus.
364 1994 407 2057 Et
428 1995 484 2056 illa
507 2014 589 2076 quae
613 1995 934 2057 commemoravimus
958 2014 1076 2077 genera
1099 1999 1203 2056 muta-

46 2138 53 2154 *
140 2101 266 2162 tionum
288 2102 349 2163 tria
372 2101 541 2163 statuenda
564 2101 731 2162 videntur:

251 2206 284 2284 1)
318 2205 400 2269 Cum
435 2208 490 2288 qui
525 2207 634 2287 aliqua
657 2206 790 2267 laudant
811 2204 845 2266 id
868 2208 974 2284 agant,
997 2208 1033 2266 ut
1057 2221 1139 2284 quae
1163 2203 1204 2265 ad

142 2311 339 2374 afferendum
371 2314 513 2374 maxime
546 2311 663 2374 idonea
698 2311 762 2373 sint
797 2310 952 2372 acetaria
977 2309 1095 2391 quibus
1118 2329 1204 2372 nexa

142 2421 218 2479 sunt
235 2417 423 2500 disiungant
438 2423 470 2481 et
485 2418 553 2481 sola
569 2417 711 2496 afferant,
727 2417 911 2498 saepissime
926 2415 1207 2479 verbamutentur

141 2535 273 2586 necesse
301 2531 349 2588 est
377 2524 417 2586 ad
441 2525 712 2587 constructionem
735 2524 947 2605 interruptam
971 2522 1203 2585 restituendam

143 2634 174 2692 et
206 2631 241 2692 in
276 2629 441 2694 absolutae
477 2631 653 2693 sententiae
685 2629 821 2692 formam
848 2629 957 2691 locum
980 2629 1203 2711 redigendum.

142 2735 251 2818 Velut,
263 2739 291 2800 si
307 2738 455 2820 exemplo
471 2738 637 2800 tritissimo
653 2737 702 2799 uti
717 2736 800 2816 licet,
816 2754 875 2799 nos
888 2753 1013 2818 semper
1024 2735 1201 2800 afferimus:

143 2841 236 2923 „Man
260 2837 365 2907 merkt
389 2845 439 2906 die
454 2842 591 2906 Absicht
614 2843 681 2906 und
704 2862 781 2905 man
803 2842 884 2904 wird
899 2843 1106 2925 rerstimmt“,
1129 2862 1203 2905 cum

141 2949 176 3009 in
200 2947 310 3012 fabula
332 2950 469 3032 legatur:

304 3105 320 3138 „
344 3104 538 3119 .......
562 3056 629 3119 und
651 3075 746 3119 wenn
768 3055 814 3118 sie
836 3054 919 3117 auch
946 3051 1104 3136 (Leonora
1126 3053 1204 3116 San·

356 3163 453 3227 vitale
477 3163 603 3243 dicitur)

249 3321 275 3390 1)
294 3320 517 3373 Emendationum
530 3319 758 3386 Theognidearum
771 3320 825 3370 tres
838 3318 935 3385 partes.
950 3315 1106 3372 1874.1875
1126 3315 1203 3368 1876.

248 3410 275 3475 2)
294 3408 667 3476 Verbesserungsvorschlagc
678 3424 712 3459 zu
721 3406 899 3475 schwierigen
910 3404 1010 3458 Stellen
1022 3402 1204 3472 griechischer

142 3496 335 3550 Schriftsteller
379 3497 475 3551 Rhcin.
500 3496 569 3549 Mus
588 3497 622 3551 N.
644 3498 671 3550 F.
690 3494 795 3562 XXVI,
826 3511 850 3562 p.
874 3494 925 3547 161
945 3508 1002 3559 sqq.
1026 3489 1204 3558 (Theognidea

143 3602 167 3652 r·
187 3586 240 3640 184
257 3585 337 3655 scr.)-
496 3580 507 3604 ⁶

248 3673 275 3742 3)
295 3673 469 3739 Quaestioncs
495 3675 527 3727 de
552 3673 665 3727 dialecto
687 3670 846 3740 antiquioris
865 3669 1025 3723 Graecorum
1043 3666 1131 3734 poesis
1149 3666 1203 3720 ele-

141 3760 232 3829 giacae
251 3764 278 3814 et
295 3761 431 3815 iambicae.
470 3762 578 3816 Curtius
597 3761 671 3815 Stud.
691 3761 767 3815 1868.

247 3852 275 3919 4)
295 3849 471 3916 Quaestiones
495 3850 644 3905 Stobenses.
681 3849 758 3908 1861.
795 3845 919 3916 Repetite
946 3843 1010 3899 diso.
1034 3843 1064 3896 in
1081 3843 1116 3898 N.
1134 3843 1204 3900 Mus,

141 3937 192 3993 Rh.
211 3938 311 4099 Xlgl,I
320 3954 346 4008 p.
363 3939 418 3997 465
435 3955 494 4000 soe.

311 4043 323 4072 ι
