2692 4576
644 261 687 322 le

136 450 277 513 deterior
307 454 436 532 propter
464 448 562 512 verba
584 444 642 511 καί
666 436 693 532 ᾧ
717 444 758 512 τὰ
783 445 897 511 δέον-να
920 469 950 512 ν.
978 448 1049 512 721.
1097 450 1201 516 Causa

121 543 325 618 ‘mutationis
348 555 485 618 verbum
510 554 714 618 πλουτοῦσιν.
739 576 769 618 v.
797 554 858 616 721
883 576 940 638 pro
965 551 1006 619 τὰ
1030 553 1144 621 δέοντα
1167 559 1202 621 in

135 661 328 743 Theognide‚
352 658 436 744 μόνα
460 662 562 724 ταῦτα
586 661 671 744 apud
684 659 844 742 Solonem,
868 660 953 724 Stob.
978 658 1056 725 τάδε
1080 659 1200 742 πάντα,

137 768 193 832 sed
213 767 346 832 Gesneri
380 786 491 850 margo
525 767 610 830 idem
647 768 734 850 quod
756 767 895 851 Theogn.
927 767 1009 830 libri.
1056 767 1200 842 Quarum

135 876 314 939 lectionum
349 894 433 958 quae
467 876 613 958 genuina
648 875 809 937 censenda
845 875 886 937 sit
919 875 1028 937 nescio
1052 895 1094 937 an
1117 882 1201 939 certe

84 1060 86 1064 ι
135 1001 201 1046 non
224 983 326 1065 possit
349 981 486 1044 decerni.
512 1018 555 1027 -—
579 981 640 1044 Ad.
666 1002 718 1046 rr.
745 981 817 1042 723.
844 979 907 1042 724
931 979 1134 1045 difficillimos
1151 1002 1199 1045 sa-

133 1088 261 1152 nandos
285 1086 442 1150 Stobaeus
469 1087 549 1148 nihil
573 1086 670 1167 affert,
694 1106 769 1149 cum
793 1085 943 1150 omnibus
966 1086 1033 1149 fere
1055 1088 1200 1170 partibus

135 1199 291 1278 congruat
326 1211 402 1256 cum
438 1193 505 1256 cod.
530 1191 725 1255 Mutinensis
760 1193 905 1272 lectione,
940 1193 1004 1255 nisi
1033 1194 1119 1276 quod
1143 1215 1200 1277 pro

136 1302 202 1365 τῶν
223 1320 253 1362 ν.
280 1299 344 1361 723
368 1298 499 1382 praebet
523 1297 628 1379 τῶνδ’,
658 1299 744 1380 quod
768 1299 891 1362 nullius
914 1301 1068 1362 momenti
1091 1305 1146 1369 est,
1170 1306 1201 1364 et

136 1428 166 1470 v.
191 1408 254 1470 724
278 1425 336 1489 pro
360 1398 505 1489 ἁρμοδία
529 1403 618 1466 codd.
642 1406 673 1467 A
696 1404 723 1466 B
753 1405 905 1468 exhibent
929 1398 1076 1488 ἁρμονία,
1112 1408 1200 1490 quod

137 1513 273 1578 verbum
297 1511 463 1576 Plutarchi
487 1529 617 1593 quoque
640 1510 715 1572 libri
738 1512 772 1573 in
795 1512 864 1575 loco
889 1511 1014 1576 Solonis
1037 1512 1200 1595 praebent.

137 1621 296 1684 Videntur
319 1639 370 1681 vir.
397 1618 470 1681 723.
498 1614 562 1678 724
585 1618 619 1679 in
644 1617 766 1700 sylloge
788 1616 999 1700 Theognidea,
1031 1619 1066 1680 in
1102 1639 1200 1702 quam

134 1728 349 1810 inrepserunt,
372 1725 489 1788 melius
514 1725 634 1787 servati
658 1742 726 1786 esse
750 1743 848 1806 quam
871 1724 956 1805 apud
978 1723 1198 1789 Plutarchum.

136 1831 222 1895 Nam
246 1852 309 1914 qua
330 1832 433 1896 fomra
457 1831 543 1913 apud
567 1830 655 1892 hunc
677 1849 793 1893 versus
818 1835 960 1892 exstant:

247 1986 253 1998 .
278 1987 284 2000 .
308 1987 314 2000 .
338 1987 344 1999 .
367 1935 424 2002 nol
449 1925 475 2023 ᾦ
499 1933 583 2019 μόνα
610 1938 709 1999 ταῦτα
734 1932 894 2022 πάρεστιν

140 2039 257 2128 γαστρί
290 2065 325 2106 τε
358 2042 413 2107 καὶ
448 2043 586 2131 πλεινρῂς
625 2042 724 2127 (certa
758 2042 888 2125 Berglrii
923 2042 1101 2106 emendatio
1141 2065 1198 2127 pro

353 2149 483 2239 πλειρῇ)
507 2148 563 2214 καὶ
588 2147 690 2214 :reolo
713 2142 799 2233 ἁβρὰ
823 2150 958 2213 παθεῖν.

135 2250 260 2330 παιδός
283 2247 372 2344 ν’ἠδέ
393 2253 550 2340 γυναικός,
575 2253 659 2343 heho
681 2254 734 2320 καὶ
763 2256 852 2319 ναῖο·’
877 2248 1037 2343 ἀφίκηται

133 2352 222 2448 ἥβης·
247 2355 304 2425 σὺν
327 2352 426 2449 (Υοῧρῃ
450 2361 571 2446 γίνεοαι
598 2357 738 2449 ἁρμονία

134 2467 259 2530 etiamsi
295 2467 384 2550 legas
420 2487 495 2531 cum
518 2468 658 2552 Bergldo
693 2490 749 2552 pro
774 2462 913 2554 ἁρμονία
938 2459 1090 2553 ἁρμόδια,
1113 2476 1199 2534 recte

134 2572 269 2655 intelligi
308 2575 389 2643 mihi
424 2575 577 2638 videntur
611 2596 677 2639 non
715 2595 816 2660 posse.
874 2573 925 2637 Ab
960 2573 1020 2635 hac
1043 2593 1198 2640 versuum

134 2672 234 2742 forma
255 2679 395 2764 Theogn.
420 2682 569 2745 codicum
593 2683 686 2746 lectio
712 2702 798 2747 earo
815 2682 955 2744 maxime
972 2678 1085 2761 differt,
1109 2683 1197 2764 quod

131 2776 194 2872 ἥβη
217 2790 248 2849 et
273 2779 339 2872 ὥρη
364 2788 520 2851 vocabula
545 2788 635 2851 sedes
659 2793 878 2869 mutaverunt,
902 2805 985 2870 quae
1004 2789 1139 2850 mutatio
1156 2789 1197 2851 ad

131 2908 264 2954 sensum
300 2893 420 2975 optime
456 2913 490 2956 se
524 2894 642 2958 habere
676 2896 727 2958 vel
762 2897 870 2978 potius
905 2893 1084 2957 necessaria
1118 2895 1197 2957 mihi

130 2997 262 3060 videtur
284 3018 363 3062 esse.
409 2998 493 3062 Nam
516 3002 562 3063 ita
586 3001 715 3064 demum
740 3022 769 3063 v.
788 3001 852 3062 724
875 2999 1032 3083 posterior
1049 3020 1124 3083 pars
1141 2995 1197 3065 σὺν

129 3141 174 3149 -—
198 3096 342 3190 ἁρμοδία
367 3125 478 3168 sanam
493 3108 790 3190 interpretationem
815 3106 961 3169 admittit.
1008 3104 1071 3169 Sed
1094 3126 1196 3170 enun-

129 3211 247 3274 tiatum
271 3212 447 3294 temporale
470 3218 543 3294 post
566 3209 717 3298 γυναικὸς
739 3216 774 3276 in
785 3211 966 3296 Theognide
983 3232 1113 3295 quoqne
1125 3215 1196 3278 sine

130 3315 228 3380 dubio
253 3323 454 3401 corruptum:
492 3311 571 3382 ὅταν
594 3316 631 3382 δέ·
652 3343 688 3383 κε
712 3321 777 3384 τῶν
801 3310 972 3406 ἀφίκηται.
1022 3316 1104 3382 Nam
1128 3322 1195 3403 pri-

128 3442 221 3487 mum
238 3417 316 3488 ὅταν
331 3447 367 3488 κε
384 3425 592 3489 offensionem
616 3425 720 3508 habet,
742 3434 812 3488 tum
836 3425 895 3487 hae
913 3424 1050 3490 lectione
1066 3433 1196 3510 accepta

127 3530 425 3614 interpungendum
449 3537 497 3595 est
519 3538 592 3615 post
615 3529 764 3617 γυναικός
794 3540 825 3596 et
851 3533 993 3614 genetivi
1017 3527 1140 3609 παιδός
1164 3540 1195 3597 et

127 3633 277 3720 γυναικός
300 3639 518 3723 coniungendi
541 3659 615 3702 cum
636 3633 721 3725 ἁβρὰ
746 3641 881 3717 παθεῖν,
907 3640 992 3721 quod
1015 3644 1101 3704 recte
1123 3640 1195 3705 fieri

44 3822 49 3829 Ι
127 3743 255 3807 videtur
277 3764 342 3809 non
366 3765 467 3829 posse.
514 3745 597 3808 Nam
623 3745 710 3831 quod
733 3744 892 3829 Bergkius
916 3749 948 3808 et
970 3745 1135 3826 Sitzlerus‚
1158 3753 1195 3809 ut

125 3850 209 3914 hano
248 3854 519 3916 constructionem
553 3853 733 3934 defendant,
771 3853 920 3916 nituntur
957 3853 990 3914 in
1025 3850 1122 3915 verbo
1160 3841 1195 3916 οἶν

126 3953 269 4038 πάσχειν
291 3960 325 4022 in
348 3958 533 4044 Theognide
557 3960 598 4040 (r.
626 3959 723 4029 1009)
748 3964 779 4023 et
802 3958 887 4042 apud
910 3957 1089 4021 Pindarum
1099 3957 1191 4022 Nem.

128 4063 200 4145 ],32
225 4084 299 4128 cum
322 4067 471 4148 genetivo
498 4066 679 4146 coniuncte,
706 4065 848 4149 primum
877 4064 964 4147 quod
994 4063 1080 4128 valet
1101 4054 1193 4127 1οεῦ

975 4185 995 4237 4
