2708 4574
691 287 733 351 66

179 480 282 546 τῶνδε
304 480 440 544 verbum
465 480 539 543 eum
564 478 603 542 ad
627 479 725 542 totius
749 479 901 542 carminis
922 497 1001 561 ques
1025 496 1124 561 supra
1146 497 1251 563 expo-

174 590 306 653 suimus
346 586 488 650 indolem
524 604 561 649 ao
600 588 751 648 naturam
789 583 1158 648 accommodatissimum
1196 588 1250 667 sit,

176 696 298 779 quippe
323 712 387 777 quo
410 712 467 776 pro
490 691 649 755 bonorum
667 695 833 774 poetarum
854 689 1086 754 consuetudine
1108 692 1144 754 in
1159 693 1250 777 ipsas

177 820 231 865 res
255 801 361 864 statim
395 798 650 878 introducamur,
681 796 860 876 Athenaeo,
895 797 951 879 qui
985 796 1061 860 solis
1096 799 1248 864 versibus

181 907 255 970 467.
280 907 345 969 469
369 906 546 968 sententiae
578 904 647 966 loco
686 908 844 984 uteretur,
866 922 998 986 prorsus
1036 903 1098 967 tuit
1132 905 1246 968 inutile

175 1015 290 1097 itaque
312 1013 419 1096 posuit
441 1030 499 1096 pro
523 1030 560 1074 eo
583 1008 669 1100 μήτ’,
693 1011 780 1093 quod
803 1032 832 1072 v.
852 1008 918 1072 469
933 1005 1016 1097 μήθ’
1036 1002 1154 1074 εὕδοντ’
1176 1009 1243 1074 κτλ.

180 1119 360 1204 respondet.
397 1117 660 1182 Schneidewinus
685 1126 715 1181 et
738 1117 950 1199 Hartungius,
974 1124 1010 1179 ut
1034 1116 1073 1179 de
1091 1120 1157 1180 toto
1181 1135 1249 1180 oar-

180 1228 270 1290 mine
300 1244 467 1310 perperam
500 1225 689 1299 sentientes,
712 1224 771 1286 hoe
803 1243 934 1306 quoque
957 1225 1026 1288 loeo
1051 1231 1253 1305 erraverunt,

178 1350 257 1396 oum
280 1331 437 1394 Athenaei
462 1331 629 1394 lectionem
654 1333 838 1413 reciperent.
864 1367 904 1374 —

189 1450 192 1455 '
288 1457 318 1500 v.
342 1435 562 1501 att-486.
589 1437 630 1515 X,
650 1439 715 1499 428
739 1434 776 1498 D.
810 1456 838 1496 ν.
863 1435 926 1496 dli
952 1427 1138 1501 Athenaeus
1168 1430 1251 1527 ἥκω,

176 1542 374 1629 'Theognidis
401 1543 473 1606 libri
499 1545 610 1626 optimi
633 1541 706 1606 AO
728 1536 801 1631 ἥξω.
848 1541 944 1605 Reote
973 1541 1161 1607 Leutsohius
1186 1545 1206 1608 l.
1231 1544 1252 1610 l.

179 1651 290 1735 posuit
313 1643 378 1736 ἥξω
401 1652 436 1712 in
460 1643 537 1736 ἥκω,
568 1651 654 1733 quod
677 1653 712 1713 in
736 1669 889 1713 versuum
915 1667 996 1731 quae
1019 1650 1123 1711 estin
1148 1649 1253 1716 Theo·

181 1757 279 1842 gnide
295 1758 521 1821 coniunctione
537 1758 664 1821 tolerari
688 1758 811 1840 nequit,
834 1760 1000 1838 propterea
1024 1754 1063 1817 ab
1080 1757 1252 1824 Athenaeo

182 1869 344 1928 mutatum
386 1883 465 1942 esse,
490 1870 527 1927 ut
559 1884 610 1926 vv.
635 1860 842 1939 ata-aso,
868 1880 948 1944 qnos
984 1861 1068 1925 solos
1104 1882 1146 1926 ex
1183 1870 1252 1930 toto

182 1977 331 2055 poemate
347 1972 463 2050 attulit,
487 1990 616 2034 carmen
628 1969 817 2032 viderentur
839 1974 942 2031 toturn
960 1973 1056 2050 atque
1078 1970 1252 2054 integrum.

182 2077 248 2140 Sed
260 2070 326 2164 ἥξω
342 2077 484 2139 amultis
500 2078 533 2138 in
548 2076 776 2139 dubitationem
791 2080 954 2138 vocaturn:
980 2076 1131 2139 nonnulli
1144 2073 1250 2159 δείξω,

187 2183 275 2264 qrrod
309 2184 343 2244 in
378 2182 507 2246 duobus
531 2182 744 2246 deterioribus
776 2182 868 2245 libris
892 2181 927 2261 (C
952 2180 993 2266 G)
1024 2183 1153 2266 legitur,
1174 2203 1249 2266 pro-

184 2293 379 2372 posuerunt,
412 2288 466 2350 alii
505 2288 723 2371 adhibuerunt
758 2290 974 2369 coniecturas,
1009 2294 1046 2352 ut
1078 2288 1243 2371 Emporius

184 2389 279 2482 λήξω,
304 2395 486 2458 Ahrensius
510 2393 579 2475 ἔξω,
604 2394 777 2477 Berghins,
801 2395 958 2458 Athenaei
992 2396 1153 2480 sequentis
1174 2414 1247 2459 ver·

186 2521 242 2564 sus
273 2501 443 2564 lectionem
466 2504 641 2584 respiciens
665 2498 725 2581 ἐξω
751 2552 756 2564 .
782 2551 788 2564 ,
815 2550 852 2564 ..
886 2492 956 2564 εἴτε
984 2526 1014 2565 aa
1042 2498 1151 2592 νήφων
1173 2491 1250 2584 εἶμ’,

186 2598 257 2672 οἶίνε
280 2603 353 2695 λίην
374 2604 520 2689 pell-inu:
547 2608 648 2688 „foras
661 2607 713 2669 ibo
738 2626 843 2688 neque
857 2607 984 2671 sobrius
1000 2629 1132 2691 prorsus
1144 2627 1253 2692 neque

185 2717 283 2777 nimis
313 2714 449 2794 ebrius,“
475 2713 671 2776 Seliniidtius
704 2714 722 2775 l.
752 2714 771 2777 l.
802 2735 830 2796 p.
862 2715 923 2777 ist
956 2711 1053 2794 a'}onl'
1091 2709 1134 2791 eij,-
1167 2707 1257 2794 οἶνος

186 2820 254 2884 aab.
281 2820 440 2902 (omnium
455 2822 524 2883 sine
544 2819 640 2882 dubio
664 2821 907 2901 infelicissima).
942 2821 1027 2896 Qiias
1051 2823 1257 2888 coniecturas

186 2928 445 3007 mutationesque
469 2946 579 2991 omnes
604 2946 672 2991 esse
697 2927 878 3010 superfluas
903 2934 933 2991 et
950 2930 1141 3011 optimorum
1167 2930 1257 2993 eodi-

188 3053 263 3095 oum
299 3033 489 3096 servandam
523 3035 692 3099 lectionem
726 3035 920 3099 Loutsehius
953 3035 971 3096 l.
1000 3036 1019 3097 l.
1045 3035 1165 3116 doouit,
1199 3038 1258 3119 qui

187 3133 253 3225 ἥξω
278 3159 410 3221 „rursus
436 3141 521 3204 donli
546 3144 618 3205 ενοιι
642 3149 726 3206 reete
750 3145 975 3225 interpretatus
1000 3147 1061 3220 est,
1084 3143 1128 3204 ita
1152 3147 1189 3205 ut
1214 3143 1257 3207 ad

189 3239 294 3308 ‹i'aod’
332 3241 403 3325 ἰὼν,
441 3248 539 3311 rerba
570 3251 794 3332 praecedentia
825 3249 1029 3312 referundum
1059 3250 1107 3310 sit.
1147 3244 1253 3330 δείξω,
1301 3299 1304 3305 .

188 3353 274 3434 quod
291 3352 463 3417 deteriores
481 3356 528 3416 illi
552 3357 641 3421 codd.
657 3357 819 3439 exhibent,
842 3358 876 3417 in
893 3362 1018 3419 textum
1033 3373 1090 3436 per
1114 3355 1258 3438 aliquem

188 3460 363 3542 inrepsisse
388 3463 509 3544 opinor,
529 3465 585 3544 spui
597 3464 679 3525 harno
691 3464 879 3526 relationem
903 3482 966 3525 non
991 3461 1197 3543 intellegeret.
1211 3497 1256 3507 —

294 3587 323 3628 v.
358 3564 431 3631 478.
484 3569 600 3634 Athon.
651 3559 722 3634 olet
760 3595 790 3634 ει
829 3565 939 3657 uincor
974 3560 1038 3650 εἶμ’
1075 3558 1146 3632 σίνε
1178 3561 1258 3631 λίαν

188 3668 329 3754 μεθύων,
343 3673 481 3758 Theogn.
495 3676 562 3738 cod.
578 3678 616 3739 A.
635 3666 707 3740 oliae-¹
720 3701 748 3740 aa
768 3671 827 3764 γὰρ
847 3672 939 3764 νήφων
961 3664 1031 3738 oilae
1043 3671 1116 3763 λίην
1129 3669 1256 3758 μεθύω,

188 3779 274 3842 idom
310 3782 406 3843 ceteri
437 3781 526 3845 eodd.
562 3802 599 3846 ea
635 3783 832 3857 diversitate,
861 3788 897 3845 ut
929 3802 986 3866 pro
1022 3807 1053 3846 τι
1080 3806 1129 3846 τοι
1164 3800 1257 3864 prae-

189 3884 294 3968 beant,
330 3888 416 3969 (pared
455 3895 555 3951 metro
590 3896 756 3973 repugnat.
813 3891 852 3953 In
887 3888 1080 3952 Mutinensis
1117 3889 1258 3953 lectione

191 3992 269 4074 quid
303 3996 407 4076 possis
442 3996 674 4079 reprehendere
702 4018 766 4060 non
795 3996 953 4079 intellego.
1000 3996 1122 4059 llultao
1146 4000 1258 4059 tamen

189 4100 428 4165 emendationes
452 4107 638 4186 propositae,
662 4124 734 4167 otini
760 4125 776 4167 a
800 4104 961 4187 plerisque
989 4104 1098 4166 neseio
1127 4121 1191 4184 qua
1217 4101 1259 4166 de
