2692 4576
646 241 685 303 λε’)

128 432 222 497 codd.
247 425 305 518 χρὴ
329 419 358 493 δ’
379 418 430 490 ἀεὶ
454 419 539 489 κατὰ
563 423 699 512 γῆνκτλ.
728 436 773 500 †.
798 423 907 506 Margo
921 428 1047 486 tanturn
1061 419 1195 484 Gesneri

132 538 243 602 itidem
265 541 302 599 ut
325 535 413 598 codd.
436 533 573 614 Theogn.
596 526 656 618 χρὴ
681 525 741 614 γὰρ
775 522 863 612 ὁμῶς
894 529 961 593 κτλ.
984 521 1036 592 ἀεὶ
1053 533 1193 591 ceterum

129 645 257 708 falsum.
288 641 371 705 Nam
391 640 535 722 exepioa
555 636 797 712 consuetudine,
817 636 1005 718 quaeplane
1028 640 1076 698 est
1099 635 1192 698 etiam

131 756 296 834 poetarum
320 729 550 830 elegiacum,
574 745 601 807 si
632 743 792 826 spondeus
816 743 971 824 poscitur,
994 741 1096 804 forma
1119 736 1195 820 αἰεί,

130 858 160 920 si
183 856 353 918 trochaeus
378 848 449 916 αἰέν
471 856 652 933 usurpatur.

236 983 265 1024 v.
292 957 508 1023 rsa-186.
556 956 640 1018 Stob.
680 955 771 1018 affert
804 955 865 1034 λθ,
900 956 919 1016 9
955 953 1015 1017 sub
1046 954 1196 1016 lemmate

135 1065 321 1152 Θεόγνιδος,
356 1086 385 1126 ν.
412 1064 530 1125 183-
551 1063 622 1123 190
648 1062 703 1141 88,
741 1062 782 1122 14
805 1080 846 1124 ex
887 1060 1101 1143 Xenophonte
1136 1060 1195 1122 sub

130 1175 280 1236 lemmate
297 1171 508 1256 Ξενοφῶντος
530 1164 641 1231 ε’κ-τοῦ
665 1165 741 1253 περὶ
769 1163 949 1251 Θεόγνιδος.
974 1167 1196 1251 Suspicionem

132 1284 240 1341 rnovet
271 1278 322 1340 hie
349 1277 430 1339 liber
458 1294 554 1358 quem
582 1272 728 1357 perhibet
751 1272 1015 1356 Xenophonteus.
1063 1272 1134 1348 Qua
1158 1273 1197 1336 de
1266 1295 1268 1299 ¹

134 1385 332 1467 quaestione,
356 1401 438 1464 quae
462 1381 570 1444 nescio
605 1401 646 1443 an
681 1399 747 1443 non
771 1386 856 1443 certo
892 1382 992 1462 possit
1016 1380 1197 1462 diiudicari,

134 1511 162 1550 v.
200 1509 282 1572 quae
320 1489 481 1570 Bergkius
520 1489 556 1549 in
593 1487 796 1549 adnotatione
836 1485 996 1549 subtiliter
1035 1486 1196 1549 disseruit.

130 1596 235 1658 Ambo
258 1597 321 1658 loci
337 1601 368 1659 et
383 1597 467 1658 inter
483 1615 516 1658 se
529 1595 656 1656 variant
668 1598 699 1655 et
714 1613 733 1654 a
747 1592 904 1654 librorum
916 1591 1194 1674 Theognideorum

129 1703 266 1765 lectione
300 1689 489 1784 discrepant.
536 1700 688 1782 Inprimis
719 1698 867 1776 notabile,
892 1697 979 1779 quod
1012 1699 1046 1760 in
1079 1719 1108 1759 r.
1136 1701 1198 1762 183
1264 1740 1268 1749 f

132 1828 189 1890 pro
226 1808 333 1870 verbis
366 1802 487 1891 Κριοδς
520 1804 579 1887 μὲν
612 1801 668 1868 καὶ
708 1794 799 1879 δνους
833 1798 999 1890 διζήμεθα
1033 1803 1092 1866 κτλ
1127 1824 1150 1867 S.
1179 1805 1199 1867 l.

138 1909 311 1996 Θεόγνιδος
334 1913 464 1994 legitur:

83 2026 87 2038 ‘
240 2013 349 2093 Κόνας
370 1996 492 2103 μὲνδὴ
517 2017 579 2078 νῶϊ
602 2014 664 2094 διζ.
689 2013 755 2078 κτλ.

134 2143 219 2205 quae
253 2124 346 2186 lectio
380 2142 421 2185 ex
452 2123 546 2184 metri
579 2140 757 2203 sensusque
785 2119 963 2183 rationibus
987 2122 1081 2185 nullo
1105 2123 1199 2186 modo

132 2249 264 2312 prorsus
288 2229 416 2292 tolerari
440 2233 551 2310 potest.
597 2228 800 2291 Nietzschius
824 2229 843 2291 l.
872 2229 893 2292 l.
917 2249 947 2312 p.
974 2229 1034 2290 187
1069 2229 1108 2292 de
1140 2229 1200 2291 hae

134 2335 350 2418 discrepantia
385 2337 419 2396 in
450 2335 539 2397 huno
568 2335 701 2397 modum
735 2334 890 2418 disputat:
928 2335 989 2416 „So
1020 2332 1201 2418 (contendit

135 2451 231 2504 antea
254 2422 304 2503 iir
327 2441 441 2505 doetus
466 2442 583 2504 multas
599 2441 752 2503 lectiones
769 2439 944 2504 Stobaeum
961 2441 1023 2504 sibi
1039 2443 1110 2524 ipsi,
1134 2461 1201 2505 non

135 2547 300 2610 codicibus
325 2548 451 2625 debere)
477 2548 606 2610 werden
629 2566 659 2608 v.
675 2545 849 2610 183-186
865 2568 929 2611 von
943 2547 1098 2611 Stobaeus
1117 2547 1167 2629 70,
1182 2550 1200 2612 9

136 2651 203 2713 also
228 2654 411 2735 angefiihrt:
437 2650 533 2730 κόνας
554 2651 614 2735 μὲν
637 2647 677 2740 δὴ
700 2651 777 2731 κτλ,
803 2654 957 2717 wahrend
980 2655 1015 2716 in
1040 2655 1102 2718 den
1125 2655 1200 2721 Hss.

135 2757 221 2819 steht
255 2753 363 2842 κριοὺς
394 2757 453 2840 μὲν
486 2757 543 2823 καὶ
578 2758 645 2822 κτλ.
699 2757 782 2822 Dass
806 2780 882 2822 man
906 2760 957 2823 bei
981 2761 1202 2825 Schafbbcken
1313 2745 1317 2753 Ι

136 2862 205 2925 und
228 2862 328 2926 Eseln
354 2865 412 2927 airf
440 2871 516 2948 gute
539 2864 780 2948 Abstammung
813 2867 903 2947 sieht,
937 2886 1005 2951 war
1035 2867 1107 2930 dem
1132 2867 1201 2932 Sto-

137 2968 238 3032 baeus
262 2968 478 3053 befremdlieh,
503 2971 555 3035 bei
578 2971 721 3034 Hunden
745 2992 812 3033 war
834 2973 902 3034 ihm
926 2972 1200 3042 diesbokannter.

139 3071 261 3136 Zudem
294 3075 411 3139 kamen
444 3078 512 3140 ihm
547 3077 676 3161 besagte
698 3077 811 3140 Thiere
845 3077 898 3138 fiir
921 3078 984 3140 den
1006 3079 1073 3141 Ton
1097 3083 1201 3145 seines

123 3143 362 3262 *Florilegiums
386 3187 483 3246 etwas
506 3203 548 3245 nu
571 3185 699 3266 gemein
723 3202 788 3245 vor.
847 3181 1000 3248 Dasselbe
1024 3185 1125 3249 Motiv
1148 3187 1202 3252 be-

138 3286 279 3350 stimmte
304 3288 366 3377 den
391 3287 559 3352 Verfasser
583 3290 639 3353 der
662 3289 990 3371 Pseudophoeylidea‚
1016 3293 1067 3356 die
1081 3292 1201 3378 Theog·
1263 3376 1265 3379 v

138 3391 328 3456 nideisohen
351 3394 462 3458 Worte
485 3397 520 3458 in
543 3396 692 3478 fulgendo
715 3395 829 3459 hiiehst
851 3397 989 3478 gezierte
1005 3397 1202 3464 Hexametor

140 3499 382 3581 umzugiessen:

298 3605 426 3685 ἵππους
452 3600 594 3693 εόγενὲας
629 3603 795 3693 διζήμεθα
824 3605 993 3695 γειαρότας
1015 3635 1050 3676 τε

298 3709 432 3799 ταύρους
447 3707 671 3800 διγιτένοντας,
695 3706 780 3801 ἆτδιρ
798 3711 966 3780 σκυλάκων
983 3722 1200 3809 τταναγρῆας.“

143 3812 335 3901 (Ρεεαόυγλι.
360 3840 388 3881 r.
414 3821 487 3883 201.
513 3821 597 3902 202).

124 3989 129 3995 ,
246 3924 359 3988 Altera
382 3945 479 3989 causa
503 3947 602 4009 quam
633 3929 725 3994 affert
752 3931 803 3992 vir
835 3932 982 4013 egregius
1006 3932 1062 3993 vix
1086 3935 1202 4014 poterit

10 4087 11 4092 ,
138 4031 253 4092 tenori:
289 4037 321 4094 at
353 4034 440 4115 prior
474 4037 668 4098 verrissima.
727 4034 877 4099 Ceterum
906 4037 993 4118 quod
1016 4039 1203 4122 simpliciter
