2692 4576
617 281 659 344 39

109 472 292 556 Theognide
314 470 486 554 praebetur
509 470 578 533 cod.
595 471 633 532 A.
659 490 687 533 v.
714 470 779 531 485
798 467 954 532 Stobaeus
979 490 1177 553 quamquam

109 583 236 642 tantum
254 596 361 659 usque
383 577 423 639 ad
439 597 469 638 r.
487 577 552 638 486
566 574 708 659 {elegiam
727 574 826 656 affert,
850 565 919 637 ἀλλ’
944 568 964 664 ἢ
987 573 1068 663 πρίν
1079 576 1178 640 verba

108 705 174 748 non
209 685 356 764 mutavit,
388 702 469 766 quae
503 683 568 746 nisi
604 682 750 764 sequitur
778 700 808 746 r.
839 681 903 744 487
929 701 1029 746 sensu
1058 688 1176 747 carent.

111 788 329 866 Quamobrem
345 789 542 865 Athenaeus,
558 787 762 872 compilatore
785 791 896 850 nostro
918 790 971 851 vir
990 790 1178 871 accuratior,

111 899 239 981 scripsit
262 893 342 982 πρὶν
364 889 500 977 piantur
523 884 641 981 δ’ἷίρξῃ,
666 893 721 956 cfr.
744 914 774 977 p.
800 895 850 956 13.

217 1003 256 1066 V.
291 1003 377 1065 497.
402 998 487 1063 498.
525 1001 576 1081 18,
612 1001 661 1062 15.
694 1020 724 1061 v.
760 1000 823 1062 497
854 991 943 1082 ὁμῶς
969 1006 1056 1064 reete
1086 1001 1176 1064 cedd.

110 1109 260 1192 Theogn,
283 1106 369 1170 Stob.
396 1105 536 1170 absurde
560 1095 649 1191 ἄγαν.
686 1104 867 1170 credidisse
882 1106 1013 1169 videtur
1024 1108 1059 1169 in
1076 1108 1178 1190 capite

112 1211 190 1298 περὶ
214 1206 374 1298 ἀκρασίας
397 1203 479 1298 {lyae
501 1211 636 1276 verbum
659 1232 829 1295 nunquam
851 1213 973 1276 malum
990 1231 1059 1277 esse
1075 1232 1177 1297 posse.

219 1320 258 1384 V.
284 1317 503 1383 499-508.
535 1319 585 1400 18,
610 1318 660 1380 16.
706 1319 745 1382 V.
772 1319 833 1381 501
858 1320 893 1380 in
916 1317 1099 1402 Theognide
1123 1314 1178 1383 τὸν

111 1418 195 1512 ’ἱκτέρ
227 1423 345 1512 μέτρον
376 1416 475 1514 ἤρατο
514 1421 642 1504 πίνων,
680 1425 766 1509 apud
801 1424 888 1490 Stob.
924 1445 1056 1507 prorsus
1089 1425 1177 1488 aliud

111 1533 349 1596 hemistichium
384 1527 548 1621 κακότητα
573 1529 608 1596 δὲ
632 1532 746 1596 πᾶσαν
768 1527 907 1615 ἐλέγχετε
943 1531 1066 1595 ‘vinum
1101 1552 1177 1595 con·

111 1641 213 1702 vincit
236 1659 364 1702 omnem
388 1637 600 1721 pravitatem,'
628 1640 647 1701 i.
678 1658 705 1702 e.
737 1640 845 1702 omnia
869 1640 1008 1721 quaein
1035 1638 1177 1701 hominis

110 1751 238 1828 pectore
261 1746 346 1808 mala
372 1744 538 1807 recondita
562 1750 648 1825 sunt,
682 1746 759 1807 vino
795 1745 993 1826 aperiuntur.
1048 1742 1175 1825 Compi-

111 1853 194 1913 lator
216 1839 317 1936 ἤρατο
340 1869 405 1912 non
433 1850 630 1912 intellexisse
657 1850 795 1926 videtur,
832 1849 920 1932 quod
943 1848 1177 1912 recentioribus

114 1975 244 2038 quoque
268 1956 382 2018 accidit
405 1955 469 2034 (cfr.
492 1957 693 2037 conjecturas
717 1954 890 2038 aBerglrio
914 1953 1058 2036 allatas);
1083 1955 1176 2018 lectio

113 2066 220 2124 tamen
244 2081 262 2124 a
284 2061 424 2144 Bergltio
447 2063 482 2124 in
507 2061 709 2126 adnotatione
732 2063 777 2124 ita
801 2061 940 2136 defensa,
964 2066 1002 2124 ut
1024 2060 1118 2124 hodie
1142 2062 1177 2122 in

114 2168 250 2230 dubium
273 2169 380 2231 vocari
406 2188 472 2230 non
495 2170 604 2251 possit.
655 2167 725 2243 Quo
748 2169 849 2251 igitur
872 2167 970 2230 verbo
994 2186 1061 2230 non
1083 2166 1176 2229 intel-

109 2275 192 2337 lecto
218 2275 383 2337 occasione
408 2273 513 2336 oblata
537 2293 618 2337 usus
642 2280 691 2338 est
714 2272 911 2355 Stobaeusl),
942 2278 981 2337 ut
998 2273 1114 2354 locum,
1139 2278 1176 2336 ut

111 2379 256 2460 credidit,
289 2381 463 2463 corrigeret
492 2385 523 2444 et
546 2379 587 2442 ad
610 2381 722 2463 capitis
756 2378 845 2467 (περὶ
870 2373 1044 2468 ἀκρασίας)
1080 2399 1176 2462 argu-

112 2491 259 2548 mentum
286 2477 434 2549 redderet
458 2488 622 2569 aptiorem,
658 2506 714 2571 pro
745 2487 853 2552 verbis
877 2482 933 2552 τὸν
955 2479 1037 2571 «ὑπὲρ
1059 2481 1178 2567 μέτρον

113 2590 179 2654 κτλ.
197 2592 385 2655 adsensum
408 2594 516 2656 minus
532 2595 733 2675 necessariis,
750 2615 889 2679 quorum
906 2592 1069 2657 simillima
1084 2609 1176 2672 prae-

112 2702 199 2760 terea
231 2700 343 2781 paucis
378 2699 526 2762 versibus
550 2704 624 2763 ante
648 2703 818 2784 scripserat
853 2699 919 2786 (18,
947 2695 1011 2782 15),
1035 2697 1097 2759 alia
1119 2714 1176 2778 po-

111 2821 194 2867 nens
217 2795 378 2890 ἆκρασίας
410 2807 475 2867 rim
512 2810 544 2869 et
578 2805 725 2870 effectum
757 2827 855 2889 quam
891 2805 1065 2868 clarissime
1098 2802 1175 2866 illu-

114 2911 257 2974 strantia.
304 2909 346 2974 nt
369 2912 622 2992 concedendum,
653 2913 762 2976 locum
785 2913 947 2976 industria
970 2913 1040 2975 eius
1064 2909 1177 2974 saltem

113 3035 179 3078 non
202 3036 335 3100 prorsus
359 3024 546 3102 corruptum
571 3039 650 3101 esse,
674 3019 760 3102 quod
785 3019 969 3101 saepissime
993 3018 1108 3081 evenit.

218 3122 257 3186 V.
293 3125 356 3187 502
392 3124 481 3187 codd.
515 3124 653 3209 Theogn.
684 3126 908 3205 καταισχῦναι,
943 3123 1027 3188 Stob.
1057 3147 1176 3188 καται-

113 3224 245 3308 σχύνειν.
278 3236 328 3305 -l-.
360 3230 441 3293 Ibid.
474 3231 564 3294 codd.
587 3230 724 3316 Theogn.
755 3228 837 3318 πρὶν
866 3225 969 3310 ἐόντα,
1003 3229 1088 3294 Steb.
1120 3224 1176 3292 τὸν

111 3330 214 3399 ἐόντα.
243 3346 288 3414 †.

217 3442 256 3504 V.
282 3443 355 3508 506.
388 3445 424 3506 in
447 3443 628 3528 Theognide
652 3446 816 3534 πειρηθῶ,
850 3444 936 3509 Stob.
961 3437 1109 3531 πειρήσω
1138 3441 1171 3511 -Ι-

113 3548 211 3629 (idem
246 3550 443 3632 Apostolius,
477 3572 508 3616 r.
543 3551 649 3631 infra).
698 3553 739 3615 In
766 3552 879 3616 eodem
912 3570 1010 3615 versu
1037 3549 1175 3629 Theogn.

110 3654 179 3718 cod.
209 3654 240 3716 A
267 3650 342 3738 ἔχει,
377 3655 462 3720 stou.
492 3664 523 3721 et
550 3659 646 3721 ceteri
675 3657 751 3721 libri
772 3657 912 3742 Theogn.
936 3652 992 3746 ἔχῃ
1015 3656 1053 3739 (Ο
1082 3637 1175 3737 iffi).

108 3759 271 3824 Neutrum
294 3781 369 3825 cum
392 3763 519 3847 legibus
534 3767 749 3848 grammaticis
772 3769 907 3844 vetetur,
932 3764 999 3828 cod.
1015 3763 1047 3825 A
1067 3764 1175 3824 aucto-

108 3868 236 3930 ritatem
261 3872 353 3950 sequi
377 3876 527 3956 opportet.
552 3909 593 3917 -

220 4097 246 4165 1)
266 4114 291 4150 v.
309 4113 393 4165 supra
410 4115 427 4166 p
456 4101 489 4154 27
508 4101 568 4156 adn.
589 4102 623 4172 1).
