2692 4576
700 269 740 332 62

188 456 262 518 icius
292 453 333 541 (v.
363 457 426 517 viri
457 456 541 517 docti
573 455 809 519 adnotationem
845 456 885 518 ad
913 456 944 533 l.)
968 455 1117 535 coniecit,
1140 460 1257 538 poetae

189 563 270 644 epici
281 581 412 625 versum
428 562 562 625 fortasse
575 581 644 626 csse
663 569 797 645 utroque
814 561 1036 644 elegiographo
1053 563 1258 644 antiquioris,

191 670 247 751 qui
286 687 323 730 ea
357 668 459 731 forma
495 687 570 731 eum
609 674 808 752 usurpasset,
833 688 896 750 qua
928 668 1132 731 inveniretur
1166 669 1257 751 apud

188 772 441 858 Drogenianum.
475 773 567 850 Quod
591 795 655 838 non
679 775 882 857 probandum
905 774 984 836 mihi
1007 774 1145 839 videtur.
1175 774 1257 839 Pro·

189 881 336 944 verbium
360 883 429 944 sine
454 881 552 944 dubio
568 901 662 964 prosa
686 883 837 962 oratione,
861 901 926 943 non
945 900 1040 944 versu
1063 888 1257 964 conceptum

189 989 293 1051 secuti
328 993 406 1051 sunt
440 993 471 1051 et
494 988 592 1050 Solon
628 995 659 1051 et
681 987 839 1071 Theognis
862 1007 928 1050 non
953 989 1022 1050 sine
1051 989 1158 1070 aliqua
1183 1008 1257 1052 sen-

188 1097 307 1158 tentiae
340 1097 501 1158 varietate.
547 1095 588 1158 Et
620 1102 688 1158 tum
725 1094 854 1176 quidem
885 1113 998 1156 versus
1030 1114 1143 1158 rursus
1175 1094 1257 1158 abiit

187 1203 221 1263 in
240 1201 456 1283 proverbium,
480 1202 721 1284 aliquantulum
746 1208 782 1263 ut
804 1200 869 1264 tere
892 1200 928 1262 fit
951 1205 1103 1281 mutatus
1126 1199 1257 1265 fidelius

189 1312 297 1370 tamen
322 1313 447 1371 servata
470 1309 573 1371 forma
595 1308 805 1390 Theognidea.
831 1344 875 1352 -—

295 1435 324 1474 r.
348 1415 431 1476 425.
458 1415 541 1476 427.
568 1417 596 1496 3,
615 1416 644 1476 4.
673 1413 710 1476 V.
735 1416 768 1476 in
793 1414 984 1476 universum
1008 1433 1091 1495 quae
1116 1414 1258 1477 disserui

188 1539 217 1600 p.
243 1520 292 1581 36.
322 1540 389 1602 sqq.
429 1541 457 1582 v.
482 1519 555 1585 425.
598 1513 697 1607 ἀρχὴν
726 1540 784 1603 pro
817 1515 965 1604 redvrrovs,
996 1540 1025 1581 v.
1058 1541 1086 1602 p.
1120 1518 1161 1582 32
1186 1539 1257 1603 sqq.

192 1646 218 1686 v.
243 1627 316 1688 427.
337 1626 365 1690 d’
390 1620 478 1709 ὅμως
500 1648 557 1711 pro
583 1627 612 1691 δ’
637 1621 737 1705 ὅπως,
761 1628 877 1710 inepte.
925 1625 1189 1690 Schneidewinus
1214 1645 1257 1690 ex

187 1731 369 1816 Theognide
401 1735 508 1816 posuit
540 1733 569 1796 δ’
599 1727 699 1809 ὅπως.
725 1733 754 1797 d'
779 1726 867 1815 ὅμως
901 1733 1091 1815 Apostolius
1126 1752 1258 1815 quoque

188 1839 293 1921 habet,
316 1861 345 1903 v.
368 1841 459 1904 iufra.
484 1879 527 1886 -—

295 1968 324 2009 r.
350 1947 431 2012 625.
459 1950 488 2029 2,
512 1949 563 2012 90.
610 1946 708 2010 Nulla
733 1947 953 2029 discrepantia.

401 2055 681 2117 Artemidorus.

295 2180 325 2221 v.
352 2159 559 2222 177-178.
601 2158 761 2224 Oneirocr.
796 2159 821 2235 Ι,
847 2161 896 2222 32.
944 2179 975 2224 v.
1009 2160 1070 2220 177
1105 2160 1172 2234 πᾶς
1194 2153 1256 2242 γὰς

189 2285 246 2347 pro
292 2262 348 2352 καὶ
395 2260 463 2351 γὰρ.
524 2266 565 2330 V.
601 2287 630 2350 p.
668 2265 717 2330 14.
774 2266 812 2329 In
849 2266 961 2328 eodern
998 2285 1095 2328 versu
1132 2260 1253 2350 δεδμή-

190 2393 297 2453 perce,
326 2373 411 2453 quod
443 2380 599 2438 recteest
630 2376 664 2436 in
687 2372 878 2455 Theognide,
912 2371 1106 2435 Artemidori
1129 2369 1196 2432 cod.
1222 2368 1250 2431 B

191 2477 320 2541 exhibet
344 2485 375 2542 et
397 2479 533 2544 Reiffius
564 2483 683 2565 recepit
707 2502 713 2542 ι
740 2486 833 2542 antea.
872 2499 946 2542 cum
962 2479 965 2483 ’
984 2477 1049 2540 cod.
1073 2477 1103 2538 A
1125 2474 1254 2559 legeba-

190 2591 243 2648 tur
267 2582 499 2673 πεπεδὴμενος.
525 2626 566 2634 -
591 2609 619 2649 v.
646 2588 708 2649 178
734 2575 806 2650 οὔθ’
837 2583 923 2671 {iidoc
957 2585 993 2646 in
1015 2582 1162 2666 Theogn,
1186 2573 1254 2646 οὐδ’

190 2688 275 2775 dogm
302 2694 456 2756 Arternid.
485 2704 531 2775 -t-,
553 2713 660 2776 prave.
685 2731 726 2740 —·

297 2819 325 2860 v.
352 2800 565 2866 509-510.
590 2801 615 2882 I,
640 2801 689 2862 66.
726 2821 753 2862 v.
779 2801 842 2862 509
866 2793 972 2874 κακὸς.
997 2818 1025 2859 V.
1052 2793 1116 2858 510
1140 2791 1257 2873 κακὸς-

191 2900 325 2991 ἆγαθός.
373 2907 412 2971 V.
437 2928 465 2989 p.
491 2908 541 2969 40.
565 2945 608 2953 —

402 3013 673 3096 Hermogenes.

297 3140 325 3181 v.
352 3118 561 3183 175-176.
588 3120 672 3203 Prog
696 3141 759 3183 nin.
784 3123 804 3182 4
827 3121 987 3206 (Spengel.
1001 3118 1105 3183 Rhctt.
1123 3114 1175 3182 Gr.
1192 3119 1255 3183 vol.

190 3227 244 3307 ΙΙ).
269 3247 296 3287 v.
324 3227 386 3288 175
411 3222 469 3314 χρὴ
492 3222 615 3314 πενίην.
639 3223 829 3314 μεγακήτεα.
854 3227 893 3291 V.
918 3249 947 3310 p.
973 3227 1014 3290 12
1039 3249 1107 3311 sqq.
1123 3265 1167 3274 —

403 3331 607 3396 Lucienus

296 3459 324 3500 v.
352 3439 427 3500 177
454 3459 560 3521 usque
584 3440 622 3502 ad
647 3439 781 3502 verbum
806 3436 1011 3528 dcdpqpevog,
1036 3439 1085 3504 Dc
1109 3440 1258 3504 mercede

191 3547 280 3609 cond.
306 3566 331 3608 c.
357 3548 384 3607 5.
430 3547 505 3622 Πᾶς
528 3540 588 3631 γὰρ
611 3566 668 3629 pro
692 3543 746 3610 roi
772 3542 841 3633 γὰρ.
888 3546 927 3609 V.
951 3568 983 3631 p.
1008 3545 1058 3609 14.

297 3653 465 3716 Praeterea
499 3652 552 3714 cfr.
592 3659 656 3715 tres
690 3654 790 3734 locos,
824 3653 944 3736 quibus
979 3654 1110 3737 respicit
1148 3652 1188 3715 ad
1227 3673 1259 3715 v.

193 3761 376 3840 175-176,
393 3760 569 3841 exscriptos
586 3761 756 3845 aBergkio
772 3763 805 3823 in
819 3761 1031 3824 adnotatione.
1057 3761 1094 3823 V.
1107 3783 1135 3845 p.
1152 3760 1202 3826 13.
1215 3799 1260 3809 -

404 3867 582 3930 Galenus

297 3994 326 4035 v.
353 3975 535 4036 ooo—510.
559 3974 574 4036 Ι
598 3994 626 4056 p.
653 3975 715 4035 345
741 3975 788 4037 cd.
813 3975 919 4056 Basii.,
942 3974 1050 4038 Ku‘nn.
1067 3974 1123 4038 IV.
1140 3996 1169 4058 p.
1185 3976 1260 4039 778.

191 4099 219 4139 r.
246 4078 309 4141 509
333 4076 440 4144 κακόν.
465 4102 493 4143 r.
520 4082 582 4142 510
607 4075 771 4143 κακὸν-
796 4073 932 4165 circii-dr.
958 4082 995 4145 V.
1020 4104 1048 4166 p.
1073 4083 1123 4145 40.
1148 4120 1192 4127 -
