2692 4576
643 282 685 347 64

135 490 239 534 unum
264 490 392 534 carmen
416 489 529 534 versus
558 471 729 550 existimat,
765 490 960 552 quamquam
994 471 1130 536 fortasse
1165 476 1200 537 in

137 581 260 640 arctum
284 577 458 640 redactum.
504 574 624 638 Tamen
658 595 700 639 ne
723 577 783 639 boc
812 578 944 660 quidem
968 579 1044 661 poni
1067 598 1201 646 necesse

136 689 197 746 est:
222 703 326 746 unum
351 684 437 746 enim
460 683 511 745 his
534 682 683 744 versibus
707 682 958 765 absolutumque
982 703 1111 748 carmen
1132 687 1200 751 effi-

136 791 227 867 citur,
260 792 355 853 cuius
387 793 614 872 argumentum
646 789 732 851 hunc
763 791 798 851 in
830 791 962 853 modum
985 793 1201 874 interpretan-

136 896 213 959 dum
238 903 294 960 est.

242 1002 331 1078 Quae
365 1006 538 1065 narrantur
571 1000 655 1063 fiunt
688 1003 723 1064 in
747 1003 904 1066 convivio.
959 1003 1058 1067 Poeta
1081 1007 1196 1090 quippe

136 1111 192 1192 qui
226 1110 323 1192 paulo
346 1109 419 1192 plus
448 1106 614 1187 adbiberit,
648 1108 843 1171 vinolentiae
877 1109 1071 1174 verbositate
1093 1111 1196 1177 facere

135 1236 201 1279 non
235 1221 346 1298 potest,
379 1216 457 1299 quin
495 1216 641 1278 convivis
675 1234 763 1278 mero
797 1215 944 1279 lascivire
967 1218 1199 1300 incipientibus

136 1323 229 1385 utilia
252 1323 409 1385 nonnulla
431 1321 576 1384 suadeat:
601 1341 642 1384 nc
666 1323 807 1384 excitent
830 1341 928 1405 quem
952 1343 993 1386 ex
1018 1325 1094 1387 vino
1115 1345 1201 1389 som·
1250 1387 1252 1391 ,

136 1448 199 1492 nus
234 1429 351 1511 ceperit
385 1446 467 1491 neve
503 1427 543 1489 ad
579 1427 804 1491 dormiendum
838 1437 954 1512 cogant
993 1450 1197 1509 exsomne1113

136 1536 206 1617 cogi
234 1553 359 1616 semper
392 1552 461 1597 esse
493 1534 717 1598 iniucundum.
766 1533 829 1598 Sed
863 1537 919 1619 qui
952 1538 1021 1598 vini
1053 1538 1129 1620 plus
1153 1539 1200 1602 bi-

136 1642 212 1705 bere
236 1642 321 1720 velit‚
354 1641 384 1704 ei
415 1640 564 1722 poculum
601 1641 814 1704 ministretur:
848 1661 907 1704 nec
938 1644 1024 1705 enim
1049 1645 1200 1710 omnibus

135 1748 286 1812 noctibus
309 1747 450 1830 gaudere
474 1765 493 1808 a
517 1745 565 1809 dis
590 1745 701 1809 datum
726 1767 804 1810 esse.
829 1747 873 1830 (r.
897 1747 1098 1834 aet-474.)
1125 1751 1203 1816 Sese

136 1859 243 1918 autem
266 1855 382 1938 ipsum,
406 1855 525 1936 quippe
549 1871 624 1915 oum
640 1872 700 1916 nec
717 1873 832 1936 parum
850 1853 966 1919 biberit
977 1875 1038 1918 nec
1052 1858 1203 1938 nimium,

136 1961 267 2024 domum
299 1961 366 2042 jam
401 1978 606 2022 reversurum
640 1976 683 2025 tv.
707 1959 906 2039 nvo—478).
937 1998 980 2007 -
1002 1961 1070 2024 Nec
1092 1968 1201 2027 tamen

135 2069 200 2130 iam
224 2066 303 2129 abit:
329 2067 386 2130 sed
409 2071 446 2129 ut
468 2066 637 2150 paululum
662 2063 869 2147 temulentus,
899 2087 997 2150 quam
1020 2068 1103 2132 male
1126 2091 1202 2151 aga-

137 2180 191 2237 tur
214 2194 290 2238 cum
307 2175 357 2255 iis,
380 2175 520 2255 quinon
536 2175 606 2254 pari
626 2178 723 2256 atque
738 2174 806 2256 ipse
822 2178 958 2237 utantur
972 2174 1200 2254 moderatione,

137 2282 232 2344 etiam
256 2281 389 2363 exponit
412 2279 455 2362 (v.
480 2280 675 2360 ave-483).
721 2279 833 2343 Unum
868 2281 1037 2362 praecipue
1071 2295 1110 2340 ex
1144 2296 1196 2338 so·

138 2387 257 2450 darium
282 2405 427 2469 numere,
452 2405 547 2470 quem
570 2393 697 2470 praeter
712 2391 834 2450 ceteros
849 2387 911 2469 ipsi
924 2385 1089 2447 facientem
1106 2382 1196 2445 videt

137 2495 341 2575 contrarium,
376 2494 478 2556 amice
513 2495 688 2576 vituperat,
732 2493 818 2576 quod
858 2491 1035 2573 „ministra‘
1071 2508 1200 2571 semper

135 2600 337 2682 vociferetur,
360 2600 577 2664 diversissima
593 2600 709 2682 pocula
727 2600 872 2680 hauriat·
886 2598 992 2680 aliquo
1008 2597 1200 2679 propinante

137 2726 307 2790 nunqnam
331 2712 473 2771 recuset:
499 2706 621 2769 ebrium
639 2725 712 2769 eum
728 2706 890 2783 futurum3
914 2705 1072 2767 invictum
1091 2707 1200 2765 autem

136 2813 170 2874 in
195 2814 342 2876 convivio
365 2812 486 2894 haberi,
510 2813 567 2895 qui
590 2812 672 2876 bene
695 2818 789 2896 potus
813 2813 889 2875 vino
910 2829 976 2873 non
993 2808 1202 2873 succubuerit

137 2919 177 2997 (v.
202 2918 402 3003 483-492).
433 2955 476 2964 --
507 2918 650 2983 Tandem
681 2939 717 2982 re
751 2938 827 2982 vera
861 2923 955 2999 poeta
978 2917 1129 2980 convivas
1151 2934 1202 2978 re-

136 3025 285 3108 linquere
306 3031 411 3108 parat:
435 3026 482 3088 ilii
506 3026 680 3089 concordes
704 3028 799 3090 etiam
818 3027 970 3087 maneant
986 3024 1071 3085 inter
1085 3005 1203 3104 pocula

137 3128 1201 3216 etsermonisfamiliarislcgesurbanassequantur(v.493-496).

243 3237 293 3300 Ita
316 3239 344 3301 si
367 3244 592 3321 argumentum
617 3239 827 3321 explicamus,
859 3255 919 3299 nec
953 3235 1116 3318 dispositio
1140 3253 1203 3298 nee

137 3363 245 3408 rerum
258 3345 356 3407 series
368 3347 607 3407 continuatiove
616 3342 902 3407 versibusvidetur
913 3343 1034 3423 deesse,
1045 3340 1203 3404 maxime-

139 3469 202 3534 que
225 3451 333 3531 miror,
357 3452 441 3534 quod
467 3451 643 3514 doctissimi
659 3451 722 3512 viri
737 3453 903 3532 tantopere
919 3466 973 3510 eos
988 3451 1199 3524 vexaverunt

138 3557 238 3620 Velut
260 3576 371 3622 omnes
396 3559 453 3641 qui
475 3558 582 3621 locum
605 3559 824 3620 tractaverunt
851 3575 881 3618 v.
908 3551 1083 3616 493-496
1099 3548 1127 3615 va
1148 3569 1201 3615 ce-

138 3665 215 3728 teris
237 3664 352 3727 volunt
375 3665 525 3748 separari,
548 3683 622 3728 cum
646 3665 778 3727 minime
801 3661 940 3725 dubium
956 3660 1035 3721 mihi
1050 3659 1204 3741 videatur

139 3791 218 3854 esse,
242 3772 321 3854 quin
344 3771 385 3834 ad
404 3772 478 3833 475.
495 3772 559 3833 476
583 3773 612 3834 ei
627 3770 785 3834 referendi
804 3771 877 3850 sint,
901 3765 1022 3850 quibus
1038 3764 1203 3828 abiturum

140 3898 174 3944 se
197 3898 268 3944 esse
300 3877 465 3942 sodalibus
498 3879 630 3960 exponit
660 3881 762 3962 poeta.
807 3875 969 3959 Equidem
996 3893 1063 3937 non
1087 3872 1204 3936 dubito

139 3985 299 4050 affirmare
327 4005 441 4050 versus
467 3983 701 4047 467-496111
728 3983 1028 4046 venustissimornm
1044 3980 1205 4043 maxime-

140 4114 203 4178 que
226 4095 414 4159 festivorum
438 4109 522 4175 quae
545 4091 621 4153 novi
644 4091 823 4154 carminum
842 4108 979 4153 numero
998 4098 1051 4150 me·
1068 4085 1205 4149 habere:
