2692 4576
660 277 702 341 46

142 467 336 531 Mutinensis
365 472 451 531 recte
481 467 624 552 praebet,
652 468 737 533 Stob.
768 469 843 534 libri
875 472 916 554 A,
943 469 1045 554 Voss,
1074 468 1212 534 Gesneri

142 592 261 658 margo

249 701 279 743 v,
304 680 504 744 629-630.
530 682 643 764 52,12.
689 681 788 746 Nulla
811 684 1032 770 discrepantia.

249 808 278 850 v.
304 787 506 851 635-636.
525 789 576 870 37,
590 789 640 853 17.
680 809 708 851 v.
721 789 786 853 636
801 790 877 853 libri
888 790 1082 875 Theognidoi
1096 807 1210 853 omnes

141 894 223 958 falso
247 885 283 959 od
305 895 366 974 νῦν,
390 893 476 959 Stob.
502 899 589 958 recto
617 888 653 960 οἳ
673 896 734 960 νῦν.
781 896 844 961 Sed
877 899 952 981 quis
983 903 1039 979 ost,
1068 896 1147 979 quin
1174 897 1211 958 in

141 1001 221 1066 locis
245 1001 285 1064 ad
300 1000 540 1065 emendandum
561 1001 796 1068 difficilioribus
820 1025 839 1068 a
863 1003 1070 1089 scriptoribus
1094 1021 1209 1066 versus

142 1109 350 1173 afferentibus
380 1110 450 1172 veri
483 1110 689 1193 perspicuum
728 1113 901 1196 vestigium
939 1116 1101 1175 servatum
1137 1128 1210 1174 esso

141 1216 252 1279 malit?
275 1215 316 1278 In
339 1215 427 1279 hunc
451 1216 582 1301 quidem
598 1217 684 1280 valet
702 1235 778 1280 cum
794 1219 935 1281 maxime
960 1217 1046 1300 quod
1068 1217 1103 1279 in
1127 1216 1207 1280 alios

142 1321 225 1384 duos
249 1321 368 1402 quibus
396 1340 471 1384 vera
498 1323 593 1384 lectio
625 1323 765 1384 occurrit
793 1323 879 1403 apud
906 1321 1081 1386 Stobaeum
1109 1331 1153 1391 (v.
1176 1342 1207 1405 p.

143 1425 181 1486 11
208 1429 240 1488 ot
261 1445 290 1507 p.
320 1426 387 1504 38):
405 1495 407 1501 ¹
425 1424 554 1487 difficile
588 1430 644 1504 est,
677 1425 864 1487 conicienda
897 1445 1011 1488 verum
1046 1445 1121 1487 non
1155 1428 1207 1489 in-

140 1532 260 1595 veniro.
287 1567 326 1575 -
343 1528 384 1591 ln
400 1529 510 1591 eodem
532 1546 628 1590 versu
644 1525 678 1591 ἐν
696 1533 727 1590 et
743 1519 855 1612 ὀλίγον,
873 1548 956 1611 quae
971 1535 1057 1594 recte
1073 1533 1204 1594 exhibet

140 1635 313 1717 Siobaeus,
347 1635 442 1697 etiam
475 1632 653 1696 Mutinensi
691 1632 897 1718 praebentur,
936 1637 1034 1700 ceteri
1067 1655 1199 1719 prorsus

138 1761 303 1826 perperam
326 1737 385 1823 μὲν
408 1744 440 1804 et
463 1730 625 1825 δ’ὂλίγοις.

245 1867 274 1912 v.
294 1845 496 1915 637-638.
517 1848 650 1930 11611.
688 1870 719 1914 v.
741 1847 803 1912 637
820 1847 958 1931 Theogn.
978 1849 1068 1912 codd.
1086 1840 1204 1930 ὁμοῖοι,

139 1953 225 2020 Stob.
243 1947 342 2038 ὁμοῖα
363 1955 407 2029 -l·.
453 1955 599 2040 Utraque
613 1957 707 2021 lectio
724 1975 765 2021 ex
782 1955 922 2020 Graecae
936 1955 1067 2039 linguae
1078 1953 1206 2038 legibus

137 2066 233 2144 recta,
252 2064 310 2127 sed
332 2064 497 2128 meliorem
515 2067 725 2129 servaverunt
747 2062 822 2126 libri
839 2061 977 2146 Theogn.
1023 2064 1106 2127 Nam
1131 2083 1208 2128 oum

137 2164 234 2247 ἐλπίς
257 2173 288 2233 ot
310 2165 457 2246 κίνδυνος
479 2170 646 2251 vocabula,
669 2175 707 2233 ut
729 2191 758 2232 v.
784 2169 848 2232 638
876 2156 965 2232 οὗτοι
981 2164 1041 2256 γὰρ
1064 2167 1205 2250 χαλεποὶ

138 2271 291 2358 δαίμονες
322 2268 503 2364 ἀμφότεροι
539 2276 786 2356 demonstratur,
820 2276 880 2336 hoc
906 2275 975 2337 loco
1013 2278 1106 2357 quasi
1133 2296 1206 2360 per-

138 2403 293 2448 sonarum
311 2384 399 2448 vicos
421 2386 593 2466 praestent,
616 2382 749 2444 minimo
764 2381 902 2446 dubium
927 2388 983 2467 est,
1007 2385 1086 2468 quin
1109 2384 1205 2448 lectio

139 2481 250 2573 ὁμοῖοι
274 2492 304 2556 ei
328 2510 426 2575 quam
458 2488 589 2574 praebet
612 2487 769 2552 Stobaeus
798 2481 896 2571 ὁμοῖα
923 2491 1132 2574 praeferenda
1155 2493 1204 2555 sit.

245 2619 275 2661 v,
300 2597 501 2661 639-640.
531 2591 666 2674 111,15.
701 2614 732 2667 r,
750 2594 815 2658 639
833 2587 935 2683 εὑρεῖν
949 2617 1115 2682 perperam
1130 2597 1207 2661 libri

137 2704 342 2790 Theognidoi.
386 2703 417 2767 N
420 2722 455 2766 eo
487 2701 709 2764 adiumentum
739 2701 803 2766 loci
836 2706 978 2789 corrupti
1012 2706 1206 2770 emendandi

138 2813 230 2876 affert
252 2811 425 2890 Stobaous‚
453 2827 526 2872 cum
556 2808 641 2892 apud
669 2827 745 2873 oum
769 2829 898 2894 quoque
921 2817 1025 2877 exstet
1046 2815 1126 2876 haec
1149 2812 1205 2876 ab·

139 2918 237 2982 surda
247 2918 348 2981 lectio.
376 2914 557 2999 Emporias
570 2915 760 3000 Abrensius,
775 2916 936 3001 Bergkius
951 2920 1205 2984 emendaverunt

136 3012 172 3088 εὖ
194 3026 270 3110 ῥεῖν,
291 3026 377 3086 recto
399 3027 437 3086 ut
458 3023 594 3086 videtur.

244 3150 273 3192 v.
310 3127 375 3192 640
410 3121 467 3195 oda
501 3127 654 3216 ἕπέγεντο
684 3127 775 3209 τέλος
808 3136 894 3196 rocta
929 3133 1018 3197 codd.
1053 3132 1202 3214 Theogn.,

138 3237 226 3322 apud
247 3236 420 3301 Stobaeum
434 3228 491 3302 oda
507 3233 624 3302 ἔπεσεν
639 3231 789 3317 τὸτέλος,
810 3257 895 3320 quae
910 3239 1004 3302 lectio
1026 3237 1204 3315 deterrima,

136 3346 173 3408 in
208 3364 273 3427 qua
304 3349 340 3407 ut
373 3343 534 3428 Bergkius
572 3344 749 3407 rectissime
785 3341 924 3427 monetl)
958 3343 1011 3406 vel
1047 3339 1203 3404 articulus

138 3451 346 3515 offensionem
369 3449 465 3514 habet
481 3470 579 3534 quam
591 3450 776 3530 maximam,
796 3452 833 3511 ut
858 3452 983 3513 taccam
1007 3448 1046 3512 de
1062 3441 1203 3511 πίπτειν

137 3557 289 3621 vocabuli
315 3558 396 3620 miro
425 3577 497 3639 usu,
527 3561 639 3620 utrum
678 3555 894 3638 compilatoris
929 3574 969 3618 an
996 3553 1203 3619 librariorum

136 3665 282 3728 incuriae
305 3663 498 3748 assignanda
521 3665 562 3727 sit
585 3661 705 3726 dubito.
729 3699 772 3708 —

130 3977 133 3980 Α
244 3929 272 3991 1)
290 3927 319 3980 in
336 3927 406 3996 Mus,
424 3925 510 3981 Rben.
522 3925 561 3995 111,
574 3943 600 3995 p.
619 3922 680 3982 403.
716 3927 787 3996 Apte
805 3927 908 3982 confort
919 3925 962 3980 vir
974 3927 1068 3981 doctus
1085 3926 1201 3996 Theogn.

137 4033 165 4076 v.
184 4017 238 4071 164
254 4015 328 4072 τέλος
343 4007 366 4068 d'
386 4022 511 4088 ἔργμασιν
524 4014 570 4082 οὐχ
582 4021 679 4080 ἕπεται,
699 4016 750 4072 136
768 4021 794 4072 ἐς
811 4015 884 4072 τέλος
902 4006 947 4069 εἴτ’
968 4005 1076 4088 ἀγαθὸν
1087 4022 1202 4089 yr'yraruc

137 4107 189 4158 εἴτε
209 4101 295 4169 κακόν,
314 4104 485 4174 maximoque
501 4103 581 4160 Solon
600 4105 632 4160 fr.
648 4103 714 4175 Xlll,
729 4105 764 4160 58
782 4112 824 4158 καὶ
842 4111 899 4161 τοῖς
918 4095 995 4158 odiro
1012 4109 1103 4159 ἔπεστι
1120 4103 1206 4161 τέλος.
