2692 4576
657 266 678 332 5

242 451 319 534 „Die
341 451 478 515 Absicht
500 452 563 533 hat,
587 450 648 514 den
672 449 843 541 Ereunden
869 453 1086 535 wohlzuthun,

242 557 301 639 „So
323 557 407 621 fiihlt
429 579 505 621 man
530 556 666 620 Absicht
688 558 756 620 und
780 579 856 622 man
878 560 920 622 ist
941 561 1146 623 verstimmt.“

242 662 312 738 Quo
358 665 504 749 exemplo
549 663 687 727 alterum
733 685 863 748 quoque
898 666 983 748 quod
1018 670 1197 730 statuemus

136 772 324 833 mutationis
351 791 455 854 genus
477 771 668 851 illustratur,
704 770 743 833 de
767 792 832 854 qua
855 791 890 835 re
914 773 1067 836 continuo
1091 771 1198 835 dicen-

136 877 215 939 dum
247 879 315 941 erit.
361 877 402 940 In
423 876 634 960 Theognideis
662 895 793 959 quoque
816 878 895 941 locis
918 897 1056 960 magnus
1080 877 1198 942 discre-

136 978 320 1066 pantiarum
343 1003 510 1064 numeruS,
537 988 574 1045 ut
597 986 711 1044 natura
733 982 803 1065 fert,
826 983 882 1046 tali
904 984 1000 1046 modo
1025 989 1113 1048 ortus
1137 989 1197 1064 est,

138 1109 202 1172 qua
226 1089 266 1152 de
288 1108 333 1171 rc,
357 1092 504 1172 quamvis
527 1089 666 1172 simplex
694 1090 843 1152 videatur
867 1109 937 1153 esse
961 1096 1058 1174 atque
1082 1095 1199 1174 aperta,

137 1200 247 1257 tamen
268 1195 439 1259 falsissime
460 1196 637 1277 iudicatum
661 1200 718 1275 est,
740 1200 778 1259 ut
800 1201 879 1280 puta
902 1196 942 1260 de
958 1196 1108 1260 versibus
1127 1197 1198 1259 175.

141 1301 213 1383 176,
237 1301 276 1364 de
300 1301 418 1383 quibus
442 1323 470 1364 v.
493 1302 578 1364 infra
600 1322 628 1385 p.
655 1302 695 1363 12
721 1321 809 1384 sqq.¹

243 1407 278 1491 2)
296 1406 375 1472 Elius
388 1410 445 1492 qui
458 1409 526 1471 loco
540 1409 648 1490 aliquo
661 1409 763 1471 utitur
774 1411 905 1472 interest
915 1427 1049 1472 sensum
1060 1427 1196 1490 servare,

137 1532 202 1575 non
214 1513 320 1576 verba.
336 1515 471 1577 Accedit
483 1514 569 1596 quod
584 1515 608 1576 ii
625 1515 683 1596 qui
698 1519 735 1576 ut
750 1533 845 1577 suum
861 1515 1005 1597 ipsorum
1018 1533 1198 1582 sermonem

136 1619 333 1683 illustrarent
352 1626 503 1684 ornarent
513 1620 740 1684 confirmarent
755 1622 930 1683 sententias
946 1622 976 1683 ei
989 1622 1200 1684 inseruerunt

136 1721 316 1808 scriptores,
351 1728 468 1810 quippe
504 1728 562 1809 qui
596 1728 730 1789 minoris
766 1725 905 1789 ambitus
938 1727 1027 1789 locos
1062 1727 1201 1809 allegare

137 1831 269 1912 soleant,
302 1832 493 1914 plerumque
527 1832 580 1894 vel
614 1850 740 1913 semper
774 1832 842 1894 sola
876 1833 1029 1894 memoria
1064 1831 1199 1895 confisos

138 1954 209 1998 esse
238 1936 421 2019 putandum
444 1943 493 2024 est
518 1937 693 2019 exemplari
716 1956 782 1999 non
806 1938 961 2000 consulto.
1008 1935 1137 2012 Quibus
1161 1937 1199 2000 de

138 2042 244 2105 causis
268 2061 452 2122 synonyma
479 2043 651 2125 praecipue
673 2043 759 2105 inter
777 2063 811 2107 se
831 2048 1000 2107 mutantur
1015 2043 1200 2126 multaeque

136 2147 217 2210 aliae
241 2148 473 2230 discrepantiae
497 2149 653 2211 oriuntur.
695 2147 736 2210 Et
759 2150 857 2212 huius
882 2168 1010 2232 quoque
1025 2151 1072 2212 rei
1088 2169 1196 2213 exem·

135 2253 235 2335 plum,
257 2259 294 2316 ut
317 2256 381 2316 iam
398 2254 477 2334 dixi,
494 2253 620 2317 Goethii
636 2255 718 2319 illud
734 2260 784 2318 est
800 2261 929 2338 propter
945 2254 1044 2319 rerba
1060 2255 1198 2336 „memt‘

134 2380 191 2442 pro
216 2360 343 2442 „fiihlt“,
367 2361 481 2442 „wird‘
504 2380 562 2442 pro
587 2362 662 2442 „ist‘
686 2363 798 2444 posita.
828 2361 858 2424 N
861 2381 897 2424 ec
919 2363 944 2424 ii
965 2361 1085 2444 quibus
1102 2362 1199 2424 altera

136 2469 328 2550 scriptorum
364 2467 449 2549 apud
486 2485 566 2549 quos
600 2475 768 2550 poetarum
796 2469 1009 2551 aliorumque·
1022 2471 1199 2533 sententiae

136 2580 309 2637 occurrunt
331 2573 442 2637 classis
464 2574 658 2661 continetur,
688 2575 910 2657 compilatores
934 2575 1005 2637 dico
1029 2580 1060 2638 et
1083 2574 1200 2638 florile-

137 2679 264 2760 giorum
299 2687 460 2763 auctores,
501 2684 684 2746 accuratius
718 2682 940 2764 religiosiusve
968 2681 1114 2744 fecerunt
1136 2682 1199 2744 illis

137 2786 344 2868 temporibus,
378 2808 475 2870 quam
510 2789 548 2850 ad
573 2789 761 2852 sententiam
787 2787 966 2850 deducatur
987 2787 1121 2850 fortasse
1145 2788 1200 2849 cui

136 2892 171 2953 in
205 2897 345 2957 mentem
377 2895 467 2956 venit
494 2895 596 2957 nostri
619 2896 689 2956 aevi
713 2894 971 2976 anthologiarum
995 2893 1199 2976 diligentissi-

136 3017 262 3060 morum
296 3001 553 3082 compositorum.
600 2997 693 3074 Quod
728 2999 856 3063 Stobaei
890 3000 1037 3082 exemplo
1073 3001 1199 3082 egregie

137 3099 352 3186 confirmatur,
388 3107 427 3170 de
460 3125 524 3188 quo
558 3106 642 3168 infra
677 3107 857 3169 accuratius
882 3105 1105 3168 disserendum
1129 3107 1197 3169 erit.

135 3207 206 3272 Hoc
244 3211 379 3275 alterurn
430 3232 558 3296 quoquc
602 3214 820 3275 mutationum
857 3231 961 3294 genus
1001 3231 1199 3294 quamquam

135 3302 442 3400 manifestissimum,
481 3319 647 3382 nonnullis
682 3323 790 3380 tamen
824 3318 903 3381 locis
938 3339 956 3380 a
983 3319 1062 3381 viris
1098 3318 1199 3383 doctis

135 3442 253 3505 parum
286 3425 485 3488 intellectum
520 3430 576 3504 est,
611 3432 647 3486 ut
682 3423 721 3485 ab
756 3423 942 3510 Hartungio
978 3424 1016 3487 de
1053 3425 1199 3487 lectionis

135 3530 291 3593 varietate
323 3532 461 3614 quadam
491 3534 527 3594 in
550 3552 579 3592 r.
605 3530 668 3590 215
693 3530 811 3592 mirum
844 3531 1002 3593 iudicium
1029 3526 1199 3612 facientil)

137 3632 286 3699 Ceterum
321 3656 375 3701 eas
413 3639 589 3701 lectionum
621 3635 851 3718 discrepantias
887 3656 966 3718 quas
1005 3637 1065 3698 hoc
1103 3634 1199 3698 modo
1283 3695 1284 3698 ,

138 3745 221 3804 ortas
249 3761 319 3806 esse
346 3746 450 3827 primo
479 3744 631 3827 adspectu
660 3747 790 3825 apparet
813 3744 917 3805 crucis
941 3744 1032 3825 signo
1056 3741 1198 3823 apposito

137 3850 263 3912 notabo,

136 3991 349 4002 ἣ..-

244 4078 270 4147 1)
289 4079 323 4134 V.
341 4077 412 4130 infra
429 4077 500 4130 inter
517 4076 590 4130 locos
608 4075 745 4131 Plutarch.
