2692 4576
648 246 692 328 43

138 462 223 522 recte
235 452 364 522 ἔκλυσιν
381 448 573 545 ἀφροσύνης,
586 456 622 518 in
638 454 775 519 Stobaeo
792 474 913 536 omnes,
939 457 1058 520 iterum
1071 459 1205 538 excepto

139 564 275 628 Gesneri
312 563 471 646 margine,
510 556 641 626 ἔκδυσιν
680 553 768 649 ἆορ,
808 581 983 645 perperam.
1032 559 1206 644 Nusquam

138 672 225 735 enim
247 671 415 734 invenitur
436 663 566 745 {aot-013
582 663 671 746 τινός
688 668 874 751 significatu
893 669 1066 753 „effugium
1090 687 1132 732 ex
1147 668 1205 732 ali-

140 798 205 860 qua
227 777 290 855 re“,
316 795 414 859 quem
437 776 472 838 in
496 774 631 838 modum
646 775 707 838 hoc
729 775 799 838 loco
823 781 908 839 esset
919 775 1205 858 interpretandum.

137 887 182 949 At
204 880 332 961 ἔκλυσις
344 877 433 958 τινος
452 876 666 968 (νοσημάτων,
691 883 802 945 κονιῶν
813 879 888 964 etc.)
904 882 1034 963 saepius
1057 882 1204 944 occurrit.

139 991 214 1055 Cod.
236 990 347 1054 Vossii
370 993 445 1052 ante
461 982 592 1052 ἔκδυσιν
614 1006 744 1070 quoque
766 988 857 1071 ponit
873 979 914 1066 d'‚
932 989 1047 1071 inepte.
1072 987 1205 1051 Gesneri

139 1116 252 1180 margo
275 1097 373 1161 etiam
395 1094 448 1157 hic
470 1098 557 1158 rec-te
580 1088 716 1158 ἔκλυσιν.
762 1092 851 1169 Quae
879 1093 973 1158 lectio
997 1093 1206 1157 confirmatur

142 1202 268 1266 Solonis
291 1202 470 1284 fragmento
494 1199 587 1278 XIII,
611 1220 640 1262 v.
662 1201 702 1262 70
725 1199 782 1264 ubi
802 1201 921 1284 legitur

301 1300 468 1394 συντυχίην
492 1297 629 1394 ἀγαθήν,
653 1301 782 1370 ἔκλυσιν
804 1298 994 1392 ἆσροσίινης.

142 1413 267 1478 Solonis
291 1415 378 1477 enim
402 1418 478 1477 sunt
500 1432 628 1477 versus:
652 1413 722 1495 ipse
738 1411 896 1477 Stobaeus
919 1413 982 1476 alio
1005 1413 1074 1476 loco
1092 1414 1136 1497 (9,
1150 1415 1205 1491 25)

139 1521 174 1582 in
210 1521 339 1582 maioris
374 1519 516 1584 ambitus
554 1519 654 1582 Attici
692 1524 804 1601 poetae
840 1518 941 1602 elegia
979 1538 1034 1583 eos
1072 1521 1176 1583 tradit.
1185 1523 1204 1600 ¹)

139 1627 230 1705 Quod
259 1629 300 1693 ad
322 1627 542 1711 Theognideae
554 1645 688 1710 poeseos
699 1627 870 1709 ingenium
881 1626 1205 1690 accommodatissimi

139 1736 348 1817 videbantur,
370 1754 413 1798 ex
445 1734 547 1817 elegia
579 1733 635 1796 illa
667 1733 845 1815 deprompti
880 1739 911 1796 et
944 1734 978 1795 in
1001 1731 1205 1816 Theognidea

139 1843 259 1924 recepti
282 1847 368 1922 sunt,
390 1860 457 1903 non
479 1841 549 1903 siue
564 1839 711 1904 lectionis
728 1839 958 1922 discrepantiis,
983 1862 1066 1924 quae
1087 1844 1205 1924 partim

50 2003 53 2009 .
142 1965 178 2010 eo
203 1952 302 2028 ortae,
326 1947 414 2029 quod
436 1946 477 2009 ad
499 1945 635 2010 verbum
669 1950 812 2029 repetere
834 1945 962 2010 Solonis
991 1968 1103 2012 versus
1137 1969 1204 2012 non

140 2054 294 2118 intererat
317 2053 534 2137 epitomatoris
561 2052 858 2136 (quod-respondet
893 2058 1053 2121 secundae
1076 2066 1204 2124 nostrae

140 2160 236 2224 classi
267 2162 303 2222 in
334 2160 415 2224 locis
445 2159 585 2223 laudatis
607 2159 850 2238 mutationum),
874 2165 990 2245 partim
1014 2184 1051 2229 eo
1077 2167 1204 2249 quoda

138 2270 316 2329 ceterorum
341 2267 581 2330 continuatione
604 2285 719 2330 versus
750 2267 923 2333 divellendi
946 2278 1037 2336 erant
1060 2272 1133 2357 (par
1155 2281 1205 2338 est

136 2373 280 2456 primum
304 2373 390 2455 quod
413 2392 473 2437 nos
496 2373 667 2436 statuimus
688 2378 819 2458 genus).
864 2375 952 2440 Hinc
968 2386 1079 2443 natum
1097 2377 1204 2445 πᾶσίν

139 2502 191 2544 τοι
214 2498 272 2562 pro
307 2480 396 2544 πᾶσι
425 2476 462 2544 δέ
484 2503 536 2544 σοι
571 2481 656 2563 apud
689 2479 840 2546 Solonem
877 2487 912 2547 in
946 2488 1038 2549 initio
1074 2508 1103 2548 v.
1129 2489 1201 2551 585.

140 2583 250 2648 Cetera
272 2585 363 2649 alteri
385 2587 496 2670 generi
518 2586 745 2652 adscribenda:
770 2610 799 2653 v,
826 2592 889 2654 586
908 2592 1047 2674 Theogn.
1072 2595 1121 2681 πῇ
1137 2593 1201 2659 Sol.

138 2677 168 2778 ᾗ,
190 2690 266 2754 ibid.
280 2691 417 2776 Theogn.
441 2688 640 2778 πρήγματος,
664 2691 727 2757 Sol.
746 2692 909 2784 χρήματος
932 2699 1053 2779 (eadem
1070 2701 1203 2764 diversi-

138 2799 239 2861 tasin
262 2819 291 2860 v.
307 2799 383 2880 472,
405 2798 462 2862 ubi
485 2800 519 2862 in
541 2798 724 2882 Theognide
740 2803 810 2866 πᾶν
832 2800 892 2891 γὰρ
908 2797 1085 2890 ἀναγκαῖον
1107 2798 1200 2896 χρῆμ’

138 2895 271 2992 ἀνιηρὸν
294 2899 363 2993 ἔφυ,
387 2909 419 2968 at
442 2905 528 2988 apud
550 2906 681 2968 Aristot.
705 2905 776 2969 Etb.
800 2910 881 2975 Eud.
898 2913 941 2991 ΙΙ,
968 2914 985 2975 7
1011 2918 1042 2977 et
1064 2913 1203 2998 Metaph.

139 3011 174 3088 4,
199 3013 217 3073 5
240 3013 310 3075 πᾶν
343 3006 403 3097 γὰρ
436 3002 614 3096 ἀναγκαῖον
646 3016 769 3101 πρᾶγμ’
794 3009 928 3103 ἀνιαρὸν
961 3015 1042 3108 ἔσο),
1074 3043 1104 3084 v.
1135 3022 1199 3086 587

139 3115 275 3200 Theogn.
310 3109 506 3198 εὐδοκιμεῖν,
547 3120 644 3185 Solon
679 3111 713 3187 εὖ
750 3121 867 3208 ἔρδειν,
900 3146 929 3188 v.
964 3129 1028 3191 589
1062 3127 1201 3212 Theogn.

138 3224 301 3307 ποιιῖνσι,
327 3225 390 3291 Sol.
429 3225 555 3313 ἔρδοντι
594 3230 666 3312 (sed
699 3231 751 3294 hic
779 3251 909 3314 quoque
939 3234 1088 3318 ineptum
1120 3237 1202 3299 illud

136 3328 253 3410 καλῶς,
276 3331 342 3395 duo
365 3338 491 3398 tantum
515 3336 605 3400 codd.
629 3336 767 3401 Schowii
792 3340 909 3420 κακῶς,
932 3361 961 3403 v.
983 3340 1082 3405 Gaisf.
1106 3363 1132 3405 a.
1155 3342 1201 3427 t),

134 3436 210 3501 ibid.
233 3439 374 3524 Theogn.
405 3436 554 3530 τίθησιν,
578 3443 676 3507 Solon
700 3440 821 3509 δίδωσι
845 3444 926 3529 (non
951 3443 1090 3511 δίδωσιν
1114 3449 1200 3531 quod

133 3544 266 3609 exhibet
288 3545 467 3629 Bergkius).
491 3583 533 3595 -

243 3673 272 3714 v.
298 3650 509 3717 605-606.
541 3656 591 3738 18,
621 3656 670 3720 10.
695 3680 723 3720 v.
741 3658 804 3722 606
828 3658 902 3722 libri
925 3659 1062 3745 Theogn.
1086 3661 1201 3726 πλεῖον

135 3755 182 3840 (Α
204 3758 268 3822 levi
292 3779 396 3824 errore
412 3759 523 3842 πλέον)
547 3757 632 3843 ἔχειν
649 3759 772 3844 ἔθελον,
796 3766 881 3832 Stob.
906 3760 1013 3834 nteit?
1030 3765 1201 3832 ἐθέλουσιν

133 3857 228 3944 ἔχειν.
269 3865 473 3933 Nietzschius
488 3869 508 3932 l.
523 3870 543 3932 l.
559 3891 589 3953 p.
617 3871 680 3935 188
699 3876 859 3958 egregiam
883 3875 960 3938 dicit
974 3875 1057 3938 hanc
1073 3874 1201 3938 Stobaei

132 4005 348 4018 ——-..—·——

158 4134 161 4139 .
243 4095 269 4164 1)
288 4100 316 4149 at
335 4098 394 4165 111,
415 4099 448 4153 16
467 4099 516 4153 sub
535 4099 660 4154 lemmate
680 4099 827 4171 θεόγνιδσυ.
