2692 4576
640 293 680 354 37

134 482 283 566 pluribus
312 481 535 565 scriptoribus,
565 483 598 543 in
626 483 739 566 primis
768 503 786 546 a
814 485 1119 569 paroerniographiS,
1144 487 1203 550 soli

136 589 315 652 afferuntur
339 589 391 671 (ut
417 588 456 651 ab
481 593 610 652 auctore
634 591 818 653 certaminis
841 589 977 653 Homeri
1006 597 1037 655 et
1059 591 1202 675 Hesiodi,

136 694 349 778 Diogeniano,
387 695 568 778 Apostolio,
601 695 765 777 Arsenio),
798 715 815 759 e
861 717 878 758 a
911 699 1203 782 paroemiographis

135 803 275 885 quidem,
299 806 431 884 excepto
455 801 604 884 Macaria,
627 802 819 885 Theognidis
842 804 973 866 nomine
996 824 1061 867 non
1087 805 1204 887 addito,

135 910 191 972 sed
218 904 304 973 κατὰ
337 903 375 972 τὸ
403 904 579 993 λεγόμενον
597 909 650 971 vel
678 909 831 971 similiter.
877 907 941 972 Sed
963 910 1103 992 primunr
1126 929 1203 974 nus·

136 1036 234 1099 quam
269 1017 437 1079 invenitur
466 1017 614 1081 Silenum
643 1015 788 1078 versibus
821 1015 967 1078 locutum
998 1034 1086 1079 esse:
1117 1016 1203 1100 apud
1234 1098 1237 1103 Ι

136 1123 353 1203 Aristotelem,
377 1125 433 1205 qui
449 1123 583 1186 verbose
600 1123 708 1204 ipsum
732 1140 807 1184 eum
828 1120 935 1184 Midae
958 1122 1203 1205 respondentem

136 1227 213 1290 facit
241 1230 382 1291 oratione
417 1230 548 1312 directa,
578 1231 681 1292 soluta
709 1229 851 1290 oratione
884 1229 999 1308 utitur,
1026 1247 1087 1291 nec
1119 1227 1204 1312 apud

139 1332 325 1398 Ciceronem
358 1337 461 1398 ullum
499 1337 671 1419 vestigium
713 1354 777 1417 quo
820 1334 1054 1397 demonstretur
1094 1333 1202 1397 Sileno

139 1459 251 1503 versus
281 1461 351 1505 esse
379 1442 560 1526 adscriptos.
606 1441 688 1504 Tum
719 1441 783 1503 duo
815 1441 995 1504 hexametri
1024 1441 1110 1522 quod
1143 1442 1203 1504 soli

136 1546 315 1610 afferuntur
342 1553 372 1611 et
404 1551 545 1613 maxime
573 1569 592 1611 a
616 1547 923 1630 paroemiographis,
946 1565 983 1610 eo
1012 1548 1203 1628 neutiquam

136 1651 288 1734 efficitur,
312 1673 366 1718 eos
399 1658 601 1738 potissimum
632 1673 702 1717 esse
727 1655 977 1735 antiquissimos.
1025 1651 1204 1715 Studebant

137 1760 224 1820 enim
250 1760 367 1841 quibus
391 1762 511 1842 placuit
535 1762 701 1840 sententia,
724 1761 818 1822 utin
842 1758 998 1820 ambitum
1012 1778 1110 1840 quam
1133 1758 1205 1821 bre-

137 1866 310 1926 vissimum
355 1885 425 1927 eam
472 1867 666 1949 redigerent:
714 1867 749 1926 in
790 1863 995 1946 proverbium
1033 1865 1204 1946 praecipue

141 1970 316 2050 quominus
350 1973 487 2053 veniret,
520 1974 622 2034 maior
658 1971 798 2034 ambitus
835 1988 952 2051 magno
975 1970 1204 2052 impedimento

139 2081 215 2138 erat.
272 2074 508 2160 Quamobrem,
544 2097 682 2160 cumque
712 2077 895 2140 felicissime
936 2077 1133 2158 contigisset,
1168 2081 1204 2140 ut

136 2183 317 2244 hexametri
342 2186 468 2248 omissis
490 2185 698 2268 pentametris
722 2183 912 2246 sententiam
925 2181 1087 2246 efficerent
1111 2183 1203 2248 abso-

136 2289 239 2351 lutam
263 2294 294 2351 et
318 2308 388 2352 eam
406 2290 560 2354 brevitate
577 2291 800 2374 gravissimam
824 2289 1030 2371 maximeque
1053 2290 1203 2354 idoneam

136 2396 174 2457 ad
199 2395 360 2477 proverbii
383 2397 487 2459 locum
518 2396 742 2477 obtinendum,
765 2396 798 2458 hi
825 2415 902 2459 mox
930 2396 963 2457 in
994 2397 1202 2479 proverbium

138 2501 300 2582 abierunt,
329 2521 403 2564 cum
437 2504 577 2566 auctoris
606 2503 759 2566 memoria
788 2501 1036 2586 evanesceret1),
1066 2523 1130 2586 qua
1164 2505 1202 2567 de

141 2625 238 2669 causa
277 2609 361 2689 apud
400 2609 644 2691 proverbiorum
683 2609 867 2672 collectores
912 2609 1082 2691 plerosque
1123 2612 1203 2688 (non

143 2711 268 2797 omnes)
306 2716 374 2776 sine
397 2714 588 2798 Theognidis
623 2716 754 2778 nomine
788 2719 970 2778 occurrunt.
1028 2714 1076 2777 De
1105 2707 1206 2800 ἀρχὴν

137 2809 275 2882 lectione
300 2840 398 2903 snpra
423 2821 568 2885 disserui.
625 2823 692 2884 Alii
726 2827 791 2885 tres
825 2823 948 2905 priores
981 2840 1094 2884 versus
1119 2821 1203 2884 solos

140 2927 286 3007 afferunt,
310 2932 347 2989 ut
371 2926 519 2991 Clemens
543 2930 793 3009 Alexandrinam,
829 2908 1055 3009 Theodoretus,
1078 2927 1203 3010 SuidaS,

140 3033 313 3111 Macarius3
339 3033 514 3097 Scholastia
538 3035 701 3119 Sophoclis
726 3035 778 3116 (ad
796 3032 872 3097 Oed.
889 3033 952 3096 Col.
979 3034 1075 3113 1225)
1099 3054 1203 3096 unum

140 3141 220 3217 4253
258 3158 368 3202 omnes
403 3120 555 3223 quattuor
583 3143 717 3204 laudant
740 3141 799 3204 soli
824 3139 941 3203 Sextus
965 3138 1149 3222 Empiricos
1174 3147 1204 3204 et

138 3245 310 3309 Stobaeus:
337 3266 399 3328 quo
424 3250 541 3330 optime
566 3248 802 3311 demonstratur
824 3247 994 3328 illaquam
1015 3246 1083 3308 dixi
1106 3248 1203 3329 scrip-

136 3359 244 3415 torum
268 3353 473 3417 laudantium
506 3355 545 3417 ad
570 3355 823 3418 contrahendum
856 3361 1014 3436 propensa
1042 3353 1202 3416 voluntas.

137 3459 235 3522 Nullo
258 3460 358 3542 igitur
380 3461 620 3545 nrodoBerglrii
644 3463 802 3525 sententia
827 3461 864 3524 de
879 3459 1028 3523 versibus
1052 3457 1201 3522 425427

139 3567 206 3647 (cui
230 3567 368 3628 similem
384 3567 575 3631 Rintelenus
598 3569 729 3650 protulit
751 3569 770 3630 l.
787 3568 806 3630 l.
831 3588 858 3650 p.
884 3568 945 3648 49,
962 3568 1017 3648 qui
1040 3573 1204 3649 praeterea

137 3679 247 3736 utrum
274 3673 469 3756 Theognidis
504 3675 696 3757 pentametri
730 3674 843 3737 saltem
879 3675 945 3736 sint
972 3691 1074 3736 necne
1097 3675 1132 3735 in
1155 3675 1204 3735 in-

137 3786 222 3843 certo
246 3780 415 3863 relinquit)
439 3786 543 3863 potest
563 3780 752 3844 confirmari.
799 3779 927 3843 Fabella
942 3779 998 3842 illa
1016 3781 1097 3842 nihil
1116 3779 1204 3841 aliud

245 4025 271 4094 1)
291 4025 349 4078 Hoc
364 4026 520 4096 saepissimo
536 4026 594 4080 ficri
612 4027 763 4080 nostrorum
778 4021 936 4096 magnorum
952 4026 1099 4093 poetarum,
1118 4023 1206 4092 inpri-

136 4111 189 4166 mis
208 4112 340 4182 Schilleri,
360 4114 483 4182 exempla
502 4116 604 4170 docent.
