2692 4576
639 253 679 316 bl

123 447 190 507 tres
214 443 310 505 etiam
333 440 420 503 locos
444 444 479 503 ut
501 442 690 504 sententiam
716 460 808 503 suam
827 440 933 505 firmet
955 442 1052 523 addit,
1077 442 1196 525 quibus

124 568 193 612 rem
206 553 298 631 putat
313 550 404 611 extra
421 565 550 609 omnem
568 547 800 610 dubitationem
809 549 958 629 positam:
983 551 1019 612 in
1030 549 1197 613 Plutarchi

124 653 371 737 quaestionibus
406 652 581 717 Platonicis
609 651 696 735 (1,3):
727 644 844 739 οὐγὰρ
871 650 988 740 μικρὸν
1011 644 1049 744 ἦν
1071 645 1195 742 destos,

124 752 208 824 άλλά
229 757 392 844 μέγιστον,
418 752 435 823 ὁ
465 761 521 823 τοῦ
547 755 701 844 μεγίστοιν
731 761 798 823 τῶν
829 761 948 839 κακῶν,
977 753 1118 826 άπατιῦν
1139 758 1196 825 καὶ

123 860 369 954 κενοφροσύνης,
406 857 627 930 ἀπαλλάττων
664 861 758 952 λόγος
790 886 797 899 ’
831 858 907 931 Old
933 863 1198 955 ,Ἀσκληπιάδαις

125 967 220 1037 τοῦτό
243 967 374 1056 γῖέιλωκο
397 968 491 1051 oetg·
514 974 600 1055 apud
625 974 829 1037 Athenaeum
854 974 899 1053 (6,
924 975 987 1036 256
1012 975 1061 1053 cl:
1086 1011 1130 1020 --
1153 1010 1197 1020 -—

123 1076 210 1155 τινὲς
238 1115 278 1125 -
303 1114 347 1122 -
372 1066 418 1142 ὧν
434 1074 601 1164 ἰατρεῦσαι
619 1074 677 1167 τὴν
694 1069 828 1164 άγνσιαν
851 1071 917 1144 οὐδ’
933 1075 1198 1168 Ἀσκληπιάδαις

124 1183 277 1272 ταῦτάγε
301 1181 424 1267 νομίζω
452 1181 627 1265 δεδόσθαι,Ι
660 1187 745 1269 apud
768 1185 907 1249 Dionem
931 1185 1198 1267 Chrysostomum

123 1284 166 1375 (Ι,
188 1293 251 1377 p.2
271 1293 320 1357 etl.
337 1290 477 1375 Reisk.):
503 1282 539 1355 σι’)
561 1287 621 1378 γάρ
646 1281 706 1370 οὖν,
733 1286 777 1370 ὥς
797 1312 898 1378 φησιν
922 1286 1097 1380 ὃπσιητάς
1120 1291 1197 1357 Οὐδ’

126 1374 382 1488 Ἀσκληπιάδαις
409 1393 504 1462 τοῦτό
527 1397 555 1482 γ’
579 1394 681 1463 ἔδωκε
704 1395 791 1476 θεάς.
837 1398 976 1462 Tantum
999 1419 1075 1463 vero
1099 1399 1198 1481 abest,

125 1513 163 1570 ut
193 1527 211 1569 a
243 1505 383 1589 Bergkio
423 1505 509 1587 quod
547 1505 686 1568 intendit
718 1506 973 1569 demonstratum
1012 1525 1082 1570 esse
1119 1506 1197 1568 mihi

126 1633 318 1697 persuasum
343 1613 393 1692 sit,
411 1618 446 1674 ut
462 1613 512 1674 vir
528 1611 640 1674 doctus
656 1612 798 1675 locorum
817 1613 1023 1675 laudatorum
1046 1618 1196 1675 naturam

125 1726 222 1803 atque
253 1719 397 1782 indolem
429 1738 541 1800 parum
576 1719 776 1782 intellexisse
800 1719 880 1780 mihi
910 1719 1066 1782 videatur.
1112 1718 1197 1780 Nam

129 1827 255 1909 antiqui
275 1808 448 1908 'scriptores
472 1844 546 1887 cum
571 1824 763 1908 Theognidis
790 1825 845 1886 illo
876 1825 946 1887 loco
975 1844 1016 1888 ex
1042 1825 1197 1886 memoria

131 1935 200 1996 siue
222 1932 318 1996 dnbio
336 1933 386 1995 usi
405 1933 478 2002 sint,
494 1931 572 2012 quid
588 1933 690 2013 magis
707 1936 967 2012 consentaneum,
992 1951 1087 2014 quam
1113 1931 1194 1994 duas

131 2039 244 2102 similis
285 2040 465 2122 argumenti
512 2039 697 2118 sententias,
737 2045 773 2100 ut
811 2058 839 2098 v.
883 2039 1059 2101 429-434
1098 2044 1129 2101 et
1167 2058 1196 2100 v.

131 2145 306 2208 435-438
329 2144 367 2208 ab
390 2147 431 2208 iis
461 2146 580 2207 mixtas
608 2163 679 2207 esse
707 2150 803 2227 atque
832 2145 1006 2208 confusas?
1045 2144 1095 2208 Ita
1118 2145 1197 2208 mihi

130 2251 257 2315 videtur
271 2252 476 2315 sentiendum
491 2271 560 2314 esse
584 2251 623 2314 de
638 2251 781 2316 Platonis
799 2259 896 2335 atque
912 2253 1096 2317 Aristotelis
1118 2253 1197 2316 locis

126 2345 199 2421 illis.
244 2358 314 2433 Iam
335 2358 482 2422 locorum
506 2358 592 2441 apud
614 2357 824 2421 Plutarchum
840 2359 1043 2422 Athenaeum
1059 2358 1196 2422 Dionem
1286 2409 1289 2414 .

126 2467 335 2545 exstantium,
370 2485 451 2547 quos
484 2464 631 2528 adhibuit
662 2464 831 2548 Berghius,
866 2465 906 2527 ad
944 2465 1197 2528 confirmandam

126 2573 189 2634 riri
213 2573 332 2656 egregii
356 2573 549 2636 sententiam
572 2573 622 2636 ris
645 2577 693 2635 est
716 2591 757 2634 ne
773 2573 905 2634 minima
923 2571 1062 2654 quidem.
1109 2571 1196 2636 Luce

126 2679 347 2742 enimclarius
364 2679 469 2742 estad
489 2678 667 2742 secundum
688 2684 836 2741 nostrum
855 2679 1073 2740 mutationum
1090 2697 1195 2761 genus

126 2785 324 2848 revocandos
347 2805 401 2849 eos
426 2805 503 2866 esse,
537 2804 628 2868 pares
662 2787 749 2848 omni
784 2805 825 2847 en
852 2790 941 2867 parte
968 2790 1078 2848 nostro
1103 2783 1196 2866 „illan

126 2891 232 2954 merlit
254 2892 305 2955 die
323 2891 476 2955 Absichd‘
500 2912 526 2956 e.
552 2912 573 2974 q
608 2912 631 2955 s.
678 2892 760 2955 Nam
784 2887 1006 2976 sententiali}
1030 2891 1198 2980 δ’Άσκλη-

127 2993 272 3074 πιάάαις
306 2995 400 3064 ταῦτά
434 2992 460 3085 γ’
495 2995 596 3063 ἔδωκε
623 2993 702 3074 θεὸς
730 2994 852 3062 ἰᾶσθαι
881 2995 1046 3085 κακότητα
1069 2999 1137 3064 κτλ.
1162 3005 1199 3063 ut

52 3178 56 3184 ,
128 3104 296 3168 afferretur
320 3108 412 3190 quasi
435 3109 504 3189 ipsa
521 3124 655 3169 monens
672 3106 882 3168 disertissimo
899 3124 962 3186 ore,
982 3125 1058 3169 curn
1073 3106 1199 3190 longior

127 3216 214 3274 esset
249 3231 346 3294 quarn
371 3218 408 3276 ut
442 3213 608 3276 commode
639 3212 834 3292 laudaretur,
866 3213 910 3274 ita
946 3212 1138 3294 mutabatur,
1161 3219 1199 3276 ut

127 3337 186 3400 pro
210 3320 378 3382 enuntiato
401 3320 615 3404 hypothetico,
632 3319 750 3401 quippe
766 3320 860 3382 cuius
877 3320 926 3382 vis
942 3321 1092 3402 negativa
1107 3325 1198 3400 esset,

128 3425 263 3508 simplex
291 3433 464 3509 poneretur
487 3427 690 3489 enuntiatum
713 3427 910 3509 negativum,
935 3425 1022 3508 quod
1044 3425 1105 3488 hoc
1128 3425 1197 3488 loco

131 3540 167 3594 ut
189 3531 339 3596 facillime
360 3532 451 3596 ficret
474 3552 551 3596 casu
583 3533 722 3615 quodam
758 3533 873 3595 accidit
907 3537 1096 3616 opportuno,
1123 3551 1198 3594 cum

129 3633 309 3707 sitantum
339 3640 375 3701 in
408 3630 443 3703 οὗ
477 3644 562 3702 esset
589 3639 788 3702 mutandum.
836 3636 925 3713 Quae
955 3657 1030 3701 cum
1058 3640 1102 3700 ita
1126 3639 1198 3720 sint,

128 3763 225 3809 nemo
251 3746 316 3808 iam
356 3748 469 3829 opinor
507 3745 647 3829 stupebit
685 3764 889 3824 consensum,
927 3764 990 3826 quo
1019 3744 1106 3827 apud
1133 3750 1197 3807 tres

128 3851 332 3916 diversorum
356 3856 537 3935 temporum
564 3854 733 3935 scriptores
748 3852 802 3915 illa
819 3871 934 3915 versus
948 3851 1050 3914 forma
1072 3849 1190 3931 legitur

130 3959 254 4041 quique
276 3959 378 4042 primo
403 3959 555 4041 adspectu
583 3959 676 4022 valde
706 3959 837 4022 videtur
859 3960 967 4020 mirus.
1015 3955 1112 4039 Apud
1136 3959 1198 4017 tre·

128 4071 247 4148 centos,
267 4085 335 4128 non
351 4065 436 4149 apud
452 4070 517 4129 tres
540 4085 577 4129 ea
600 4072 792 4128 occurreret:
817 4067 852 4128 in
876 4064 1035 4128 sententia
1057 4065 1197 4151 perstare
