2692 4576
649 245 687 309 16

139 428 217 490 dicit
240 426 463 491 Stcbaeum
486 429 531 491 ita
553 429 676 509 fecisse,
708 431 768 493 hoc
795 431 869 494 fecit
898 431 1062 498 brevitatis
1090 455 1213 515 causa;.

141 553 217 595 nam
242 553 284 597 ex
309 535 350 597 iis
375 553 459 616 quae
477 556 506 618 p.
525 536 588 598 188
612 536 739 618 profert,
761 537 843 599 illud
868 538 953 618 quod
970 537 1207 605 Bernhardtius
1245 556 1247 560 ‘

141 639 309 703 ostendere
346 641 470 703 studuit
505 641 544 703 de
580 640 706 702 duobus
740 641 904 724 florilegiis
937 642 1115 706 aStobaeo
1151 647 1205 708 ad-

139 745 257 826 bibitis,
280 747 315 808 in
332 745 451 830 quibus
467 746 544 809 haec
563 751 685 807 mutata
701 746 754 808 ille
774 749 842 828 jam
858 749 1042 827 invenisset,
1065 748 1202 829 probare

141 852 279 933 videtur,
304 871 501 934 quamquam
531 851 626 913 etiam
649 856 775 933 praeter
800 853 933 916 inventa
956 841 1129 917 Stobaeum
1155 854 1202 936 ip-

140 977 213 1021 sum
238 958 315 1020 talia
336 958 480 1040 potuisse
503 957 679 1039 admittere,
704 959 778 1040 quis
803 964 899 1041 queat
920 959 1060 1042 negare?
1087 958 1202 1023 Decidi

138 1069 246 1126 tamen
270 1063 400 1146 singula
423 1083 488 1126 non
503 1068 664 1147 poterunt.
695 1063 918 1149 Discrepantia
941 1069 1025 1128 certe
1049 1071 1096 1129 est
1117 1068 1203 1130 tertii

140 1170 286 1253 generis:
312 1169 477 1234 meliorem
502 1172 695 1234 sententiam
720 1176 815 1252 atque
839 1173 993 1255 aptiorem
1018 1173 1205 1254 quicunque

140 1276 246 1338 locum
270 1278 417 1356 mutavit,
440 1278 575 1343 reddere
600 1280 661 1343 sibi
683 1281 774 1348 visus
793 1283 847 1341 est.
893 1278 990 1361 Apud
1008 1277 1205 1361 Xenophon-

139 1387 203 1444 tem
228 1381 296 1467 (ita,
331 1401 373 1445 ne
396 1384 512 1466 longus
536 1387 606 1465 sim,
639 1385 778 1447 alterum
801 1383 929 1447 Stobaei
955 1385 1061 1446 locum
1089 1385 1204 1464 dicam)

139 1494 225 1551 recta
248 1489 343 1552 lectio
368 1498 493 1552 servata
517 1495 573 1573 est,
595 1490 731 1554 fortasse
755 1490 839 1572 quod
864 1489 916 1551 hie
938 1489 1028 1550 locus
1046 1506 1087 1550 ex
1104 1490 1204 1550 altero

137 1593 293 1678 florilegio
317 1601 466 1679 sumptus
490 1602 546 1660 est.

245 1701 284 1764 V.
311 1703 375 1766 184
408 1703 481 1786 7119
516 1705 607 1767 nulla
638 1703 858 1787 discrepantia.
904 1700 949 1763 At
983 1699 1069 1782 apud
1092 1697 1202 1761 Xeno-

138 1808 291 1891 phontem
314 1801 546 1896 ρ1οάγαθῶνε
572 1803 709 1897 ἀγαθοῦ,
732 1799 1090 1893 ρ111113111οςἀγαθῶν
1113 1806 1203 1870 Cais-

139 1915 218 1979 ford.
243 1937 285 1981 ex
301 1920 451 1983 Arsenio

133 2072 137 2081 .
246 2023 285 2086 V.
317 2026 379 2086 185
416 2026 507 2091 codd.
539 2026 676 2109 Theogn.
705 2030 736 2088 et
769 2022 853 2087 Stob.
884 2021 935 2102 70,
976 2021 995 2083 9
1027 2016 1204 2106 βήσεσθαι,

140 2127 320 2209 Xenophon
345 2125 544 2216 κτήσασθαι.
590 2131 695 2193 Locus
723 2130 908 2211 saepissime
932 2126 1108 2206 multisque
1136 2145 1203 2186 mo-

141 2234 190 2295 dis
212 2238 362 2296 tentatus.
409 2233 632 2298 Defenderunt
654 2230 1047 2320 paracoemomenum,
1071 2228 1203 2292 Schnei-

141 2339 288 2402 dewinus
320 2340 356 2400 in
379 2337 523 2421 Deleotu,
551 2339 749 2415 Welclrerus
781 2335 950 2416 Bergkius.
984 2331 1201 2398 Camerarius:

141 2447 225 2523 ,Πάς
255 2469 306 2522 τις
333 2441 441 2509 ἐθέλει
469 2442 696 2533 ἐπιβήσεσθαι
729 2434 875 2526 ἀγαθοὺς
902 2440 968 2503 τῶν
991 2431 1133 2526 ἀρρένων
1156 2439 1207 2525 (ἐξ

138 2544 277 2637 ἀγαθῶν
302 2541 410 2639 ἀ’ντας)
434 2555 508 2628 ταῖς
524 2543 621 2616 odrae
637 2546 775 2638 Critoni!
800 2546 1080 2611 Schneidewinus:
1117 2546 1203 2630 ,Qui-

139 2661 188 2722 vis
211 2659 282 2722 vult
298 2677 340 2721 ex
354 2659 611 2742 generosissimis
628 2654 822 2719 animalibus
840 2654 927 2738 apud
944 2672 977 2717 se
990 2654 1204 2719 admissuram

138 2765 227 2829 fieri’
273 2765 389 2828 Itidem
413 2765 603 2828 Welckerus
627 2762 676 2843 (in
702 2763 908 2826 adnotatione
931 2764 972 2824 ad
996 2762 1024 2822 11.
1048 2763 1067 2823 1.
1091 2783 1120 2842 p.
1145 2759 1201 2839 89)

138 2868 266 2952 βαίνειν
300 2872 400 2934 credit
422 2873 474 2934 hic
497 2873 722 2956 accipiendum
746 2889 816 2935 esse
840 2871 960 2952 pariter
983 2884 1019 2926 ac
1041 2859 1200 2945 βιβάζειν,

140 2983 177 3039 ut
199 2981 347 3039 nostrum
384 2979 472 3058 „eino
495 2977 595 3060 State,
617 2979 766 3058 Hiindin,
790 2973 939 3056 11010301·ι
968 2988 1026 3051 pro
1051 2967 1202 3050 „belegen

138 3086 274 3150 lassen.“
322 3084 384 3147 Sed
408 3085 486 3149 haec
510 3086 699 3170 significatio
723 3079 879 3162 exemplis
907 3075 1035 3159 probari
1058 3095 1125 3137 non
1148 3094 1203 3157 po-

138 3197 209 3256 test.
256 3190 419 3274 Bergkius
444 3195 500 3275 qui
532 3195 608 3256 olim
631 3191 766 3272 conJ'ecit
788 3180 968 3270 βαίνεσθαι
992 3184 1120 3264 passive
1140 3182 1203 3241 dic-

139 3304 219 3380 tum,
252 3300 287 3361 in
320 3299 415 3361 tertia
447 3300 587 3362 editione
615 3302 741 3360 tutatus
770 3297 817 3355 est
839 3285 1014 3377 βήσεσθαι,
1050 3288 1141 3348 nisus
1167 3289 1203 3345 ut

140 3407 235 3468 etiam
264 3403 478 3486 Camerarius,
511 3403 660 3468 versibus
696 3401 757 3463 189
792 3393 849 3462 καὶ
884 3393 920 3459 ἀι
949 3394 1049 3457 κακοῦ
1084 3384 1203 3466 ἐσθλὸς

139 3507 253 3600 ἔγημεν
276 3516 307 3574 01
331 3512 416 3574 1112
440 3506 607 3598 proporaria
634 3501 701 3572 δ’ἐκ
724 3504 824 3570 κακοῦ
847 3495 968 3577 ἐσθλὸς
991 3493 1069 3584 ἀνήρ
1092 3500 1200 3578 itaquo

138 3619 279 3682 breviter
301 3619 418 3682 dictem
450 3623 539 3681 ratus
563 3613 598 3697 ἐξ
628 3607 767 3700 ἀγαθῶν
798 3629 857 3693 pro
890 3605 925 3688 ἐξ
947 3598 1084 3691 ἀγαθῶν
1108 3593 1202 3677 dacor

140 3725 267 3804 ἵππους
291 3725 391 3808 (quod
412 3724 614 3788 Camerarius
638 3738 768 3805 quoque
794 3714 893 3798 fecit).
948 3711 1114 3794 Exemplis
1138 3709 1201 3771 iilis

142 3834 258 3897 addere
280 3836 455 3917 potuerunt
470 3832 532 3893 viri
549 3828 723 3892 doctissimi
737 3823 889 3887 Herodot.
901 3820 960 3900 VI,
978 3820 1055 3882 130:
1073 3812 1202 3900 ἑκάστῳ

142 3935 265 4028 δωρεὴν
288 3935 411 4021 δίδωμι
445 3939 500 4026 τῆς
527 3927 684 4017 ἀξιώσιος
711 3931 828 3995 εἵνεκεν
859 3930 916 4016 τῆς
939 3926 974 4008 ἐξ
995 3924 1068 4010 ἐμεῦ
1091 3927 1224 4011 γῆμαι.-

143 4043 206 4108 Sed
231 4048 338 4110 omnia
360 4046 438 4108 haec
462 4062 546 4127 quae
564 4041 768 4125 protulerunt
790 4038 852 4099 viri
869 4037 989 4120 egregii
1012 4035 1091 4098 falsa
1111 4032 1202 4109 duco,
