2692 4576
661 223 680 282 2

138 408 323 467 convertere
355 408 492 468 tractatu
525 406 619 490 digna
651 407 860 495 fructumque
884 426 967 489 quae
990 407 1201 490 polliceantur

137 511 283 593 impenso
307 509 407 572 labori
435 519 688 602 congruentem„
707 563 710 571 .
731 495 791 587 uit
821 532 957 575 numero
990 513 1200 578 adscribenda

137 617 295 698 imprimis
330 620 439 680 textus
475 619 638 707 elegorum
671 599 805 709 utnon
835 620 1070 702 corruptissimi
1093 625 1199 683 tamen

140 723 234 784 etiam
260 741 348 785 nuuc
371 725 547 806 permultos
571 705 749 808 scrupulos
763 725 925 787 inicientis
945 745 1043 807 quam
1058 727 1201 789 maxima

139 829 326 891 emendatio.
374 827 445 903 Quo
468 832 503 892 in
527 831 723 894 restituendo
758 831 986 913 gravissimum
1014 831 1123 894 locum
1147 832 1201 894 ob-

138 936 242 998 tinent
277 954 314 998 ea
349 954 431 1016 quae
467 937 592 1018 antiqui
625 939 793 1020 scriptores
829 955 870 1000 ex
892 943 1005 1020 poetae
1028 957 1121 1020 opere
1146 958 1201 1002 ex-

138 1047 367 1124 prompserunt
389 1042 421 1102 in
448 1061 545 1105 suum
566 1062 662 1105 usum
680 1049 910 1106 convertentes.
957 1043 1082 1106 Horum
1099 1047 1201 1108 maxi-

140 1167 217 1210 mus
245 1166 416 1209 numerus:
446 1147 532 1230 apud
555 1146 758 1211 XXXXVII
782 1151 912 1212 omnino
937 1153 1106 1234 scriptores
1130 1172 1201 1216 sen-

139 1255 258 1316 tentiae
281 1252 502 1336 Theognideae
523 1260 695 1318 occurrunt
719 1259 750 1316 et
782 1256 867 1335 apud
899 1258 1004 1320 solum
1028 1257 1202 1322 Stobaeum

139 1358 196 1420 LV
219 1359 280 1420 loci
298 1360 511 1421 inveniuntur
528 1358 682 1443 (exceptis
699 1361 745 1422 eis
761 1360 909 1423 versibus
923 1364 980 1442 qui
996 1383 1061 1424 una
1074 1362 1202 1426 Stobaei

142 1464 365 1548 compilatione
389 1467 506 1528 servati
522 1470 605 1544 sunt,
629 1467 663 1526 in
681 1465 770 1527 codd.
791 1467 908 1528 nostris
923 1465 1060 1547 Theogn.
1078 1467 1202 1548 desunt,

141 1590 192 1632 vv.
220 1570 469 1652 iam-1226),
505 1571 602 1633 simul
625 1572 800 1634 lectionum
826 1573 1010 1653 saepissime
1034 1572 1201 1633 diversitas

144 1696 210 1739 non
234 1677 352 1758 exigua
376 1681 406 1738 et
429 1676 468 1738 de
492 1697 556 1759 qua
584 1677 670 1739 haud
693 1679 738 1739 ita
769 1677 862 1739 facile
888 1683 973 1738 certo
996 1678 1097 1759 possit
1115 1676 1201 1758 judi-

141 1780 246 1864 caril),
267 1783 312 1844 ita
336 1787 372 1844 ut
394 1801 496 1865 paene
519 1803 576 1866 pro
601 1802 684 1846 novo
701 1783 818 1864 codice,
842 1784 988 1845 aceteris
1004 1784 1122 1846 nostris
1136 1802 1201 1844 non

57 1963 59 1967 Ι
141 1888 303 1971 pendenti,
338 1887 369 1950 hi
393 1889 455 1952 loci
480 1889 669 1953 aestimandi
704 1891 775 1951 sint.
832 1888 956 1963 Quibus
980 1890 1018 1951 de
1042 1889 1148 1950 causis
1172 1893 1203 1949 et

143 1995 229 2077 quod
253 1995 315 2056 viri
350 1994 434 2058 docti
469 1995 508 2058 de
543 1996 681 2078 singulis
704 2014 764 2058 neo
797 1995 859 2059 sibi
890 1996 970 2078 ipsis
999 1993 1205 2056 constantin
1282 2039 1284 2042 -

138 2101 261 2182 judicio
285 2119 345 2163 nec
367 2101 452 2162 inter
474 2120 508 2164 se
527 2103 742 2182 consentiunt,
764 2121 830 2164 non
847 2101 987 2163 alienum
1005 2099 1086 2162 duxi
1101 2099 1204 2160 omni·

142 2206 204 2270 bus
226 2207 284 2289 qui
307 2210 435 2268 exstant
458 2206 536 2269 locis
560 2206 665 2269 denuo
690 2207 812 2269 collatis
834 2207 1067 2286 recensitisque
1085 2205 1126 2266 ad
1142 2210 1204 2267 sta-

143 2312 324 2388 biliendum
356 2313 394 2375 de
422 2312 482 2374 hac
509 2331 544 2375 re
569 2312 609 2374 ad
632 2313 731 2375 crisin
754 2311 990 2394 Theognideam
1013 2312 1205 2394 gravissima

141 2419 303 2499 judicium
326 2418 661 2501 quantulumcumque
684 2420 745 2481 erit
768 2418 886 2482 afferre.

251 2523 293 2586 Et
327 2529 364 2587 u't
395 2525 434 2587 de
468 2525 567 2587 huius
601 2525 720 2606 incepti
751 2523 905 2586 subsidiis
928 2525 1018 2606 prius
1042 2523 1206 2587 absolvam

145 2631 270 2713 primus
294 2631 421 2713 collegit
445 2632 637 2714 scriptorum
660 2631 842 2693 testimonia
861 2648 944 2712 quae
967 2649 1081 2692 vocare
1100 2648 1207 2693 assue-

146 2742 225 2798 runt
247 2734 374 2798 Kallius
396 2738 432 2798 in
455 2737 594 2798 editione
618 2757 646 2798 a.
672 2736 755 2797 1766
776 2736 869 2816 edita,
905 2755 969 2817 qua
1002 2736 1040 2798 de
1072 2754 1107 2798 re
1131 2735 1207 2798 dicit

147 2843 183 2903 in
206 2841 411 2924 praefatione,
435 2861 516 2924 quae
540 2842 597 2904 ubi
620 2861 707 2906 nunc
730 2841 895 2905 commode
926 2841 1086 2924 legeretur
1109 2859 1207 2922 supra

148 2947 308 3009 adnotavi.
368 2947 473 3009 Auxit
511 2948 729 3012 collectionem
768 2947 959 3011 Welclrcrus
997 2949 1032 3009 in
1070 2945 1207 3008 editione

149 3053 191 3137 (p.
208 3054 248 3115 73
265 3072 369 3135 usque
390 3054 428 3115 ad
445 3073 474 3135 p.
495 3052 560 3137 78),
583 3055 676 3117 cuius
692 3056 795 3136 ipsius
812 3053 1005 3116 collectanea
1019 3049 1210 3135 amplificata

149 3164 356 3241 correctaque
372 3165 448 3222 sunt
472 3178 489 3221 a
505 3158 667 3223 Theodoro
683 3159 792 3243 Bergk
807 3161 840 3221 in
857 3164 1022 3242 poetarum
1034 3158 1209 3238 lyricorum

151 3265 347 3328 Graecorum
371 3284 511 3348 corpore,
537 3267 633 3328 errius
657 3267 737 3328 alter
767 3272 873 3328 tomus
896 3264 1113 3347 Theognidem
1136 3281 1212 3324 con-

148 3373 229 3434 tinet
248 3371 378 3453 (prodiit
402 3371 450 3434 ed.
474 3370 525 3432 ΙΙΙ
542 3391 567 3432 a.
588 3369 695 3454 1866).
730 3369 792 3444 Qui
808 3372 982 3434 novissime
994 3369 1213 3453 Theognidem

150 3479 311 3541 recensuit
335 3478 507 3560 ediditque,
530 3475 672 3539 lacobus
687 3476 811 3556 Sitzler,
833 3477 908 3538 satis
931 3475 1045 3539 habuit
1069 3495 1106 3538 ea
1130 3493 1215 3557 quae

151 3586 312 3667 congessit
326 3584 488 3666 Bergkius
508 3581 688 3645 describere
705 3583 759 3663 ita,
784 3590 819 3644 ut
833 3583 902 3665 ipse
919 3583 1044 3645 nullum
1061 3583 1214 3645 volumen

154 3690 324 3755 evolveret.
373 3688 466 3764 Quod
489 3689 565 3757 inde
589 3693 728 3771 apparet,
752 3688 837 3771 quod
861 3707 984 3751 errores
999 3687 1130 3772 Bergkii
1149 3707 1216 3750 om-

157 3991 164 4000 ,
260 3933 288 4000 1)
306 3933 359 3988 cn:
378 3935 412 3988 A.
429 3932 512 3986 Kallii
536 3932 728 4001 praefationem
756 3933 790 3986 ad
813 3949 883 4000 spec.
908 3949 970 3988 nov,
990 3934 1051 4002 edit.
1074 3934 1143 3989 1766
1167 3933 1218 4000 ed,

217 4019 340 4076 ''olckeri
357 4021 475 4092 prolegg.
492 4022 566 4090 lypis
584 4020 724 4088 repetitam
743 4038 768 4089 p.
788 4021 929 4077 CXXXlI.
