2692 4576
655 292 694 355 77

247 503 276 544 v.
308 480 379 544 996
410 478 505 557 1291,
535 478 578 542 64
613 481 736 544 solutae
770 480 907 544 orationi
936 480 1088 560 innexus,
1119 478 1213 542 nulla

140 591 274 672 discrep.
298 625 342 634 -

355 693 557 774 Macarius.

247 822 276 863 r.
305 801 512 864 425-427.
548 802 577 880 2.
611 801 653 862 45
693 801 738 881 (in
762 798 958 863 Schneidew.
997 801 1028 860 et
1062 795 1210 860 Leutsch.

140 907 418 990 Puroemiograph.
446 910 519 969 tom.
548 904 601 987 II).
649 927 678 968 v.
701 906 767 969 425
791 897 891 993 ἀρχὴν
916 924 974 988 pro
1007 899 1150 983 πάντεσι,
1179 923 1210 968 v,

140 1036 169 1098 p.
194 1013 236 1076 32
261 1034 330 1097 sqq.
354 1050 397 1058 -
420 1033 450 1075 r.
474 1011 548 1074 426.
572 1032 628 1095 pro
652 1009 775 1076 ἐσιδεῖν
797 1009 927 1076 ἐπιδεῖν
955 1019 998 1089 -Ι-.

246 1120 346 1204 Apud
379 1117 547 1181 Michael
581 1117 826 1200 Apostolium
866 1117 1097 1200 (Paroemiogr.
1133 1122 1208 1184 tom.

140 1227 187 1311 II)
224 1229 282 1311 qui
317 1229 492 1290 occurrunt
525 1225 587 1287 loci
622 1243 733 1287 ornnes
758 1223 849 1304 (XIX
884 1222 1032 1303 numero)
1061 1223 1209 1306 singulos

140 1350 328 1396 enumerare
340 1331 541 1415 supersedeo.
587 1329 618 1393 N
619 1351 669 1393 am
680 1334 731 1411 „et
742 1330 823 1393 illud
836 1330 1032 1394 collectionis
1045 1330 1212 1413 exemplar

142 1438 227 1522 quod
260 1421 341 1521 ipse
362 1439 438 1502 fecit
472 1443 503 1502 et
542 1437 723 1520 apographa
757 1437 843 1500 vitiis
878 1437 1069 1519 mendisque
1105 1437 1210 1500 omnis

139 1547 267 1630 generis
291 1544 458 1608 abundant
479 1547 532 1626 ita,
556 1550 593 1608 ut
616 1544 752 1607 dubium
776 1545 818 1606 sit
841 1548 951 1606 utrum
973 1544 1209 1627 neglegentiam

140 1672 181 1715 an
192 1653 353 1715 inscitiam
366 1673 408 1715 an
421 1653 520 1714 animi
533 1652 672 1714 auctoris
685 1650 912 1714 hebetudinem
925 1652 1027 1734 magis
1040 1652 1206 1715 miremur.

140 1757 291 1820 Ceterum
313 1777 379 1820 non
401 1763 511 1840 poetas
533 1759 620 1841 ipsos
642 1756 797 1838 adhibuit,
821 1757 878 1820 sed
901 1776 943 1820 ex
962 1757 1097 1820 Stobaeo
1120 1758 1210 1820 locos

138 1861 313 1948 recepit.“2)
365 1863 502 1928 Praebet
530 1865 631 1947 igitur
662 1865 780 1948 pariter
818 1883 854 1926 ac
889 1863 1044 1927 Stobaeus
1076 1884 1105 1925 r.
1144 1864 1205 1925 501

139 1966 304 2058 κακότητα
339 1968 375 2034 δὲ
408 1970 522 2061 πᾶσαν
554 1967 682 2055 ἐλέγχει,
718 1992 747 2032 v.
784 1971 847 2032 506
883 1965 1040 2059 πειρήσω,
1076 1992 1105 2034 r.
1142 1971 1208 2034 590

139 2071 269 2140 ἔκδοσιν
299 2073 369 2159 (pro
393 2071 540 2159 ibdrotv),
576 2098 605 2138 v.
642 2077 704 2140 637
742 2069 840 2159 ὁμοῖα
881 2075 950 2162 (pro
988 2070 1120 2159 ὁμοῖοι).
1168 2077 1209 2141 In

138 2185 232 2247 metri
254 2184 378 2247 ratione
402 2182 485 2246 XIX
511 2184 591 2248 locis
626 2185 729 2248 decies
757 2186 902 2266 peccavit
925 2189 975 2266 (ut
1008 2190 1138 2268 putav.
1164 2183 1205 2247 27

136 2282 327 2379 ὑποθήσομ’
352 2278 478 2376 οἷάπερ,
504 2311 532 2353 v.
571 2291 632 2353 125
669 2283 704 2355 ob
727 2285 787 2377 γὰρ
817 2286 937 2377 εἰδείης
960 2291 1042 2375 eto).
1089 2291 1207 2370 Verba,

138 2417 219 2480 quae
251 2398 347 2482 plane
381 2417 400 2460 a
429 2397 551 2461 Graeca
584 2399 698 2481 lingua
730 2396 859 2476 absunt,
893 2399 1048 2481 leguntur
1078 2420 1107 2462 r.
1142 2397 1208 2461 499

136 2499 242 2590 ἴδριες
276 2506 343 2587 (pro
378 2499 503 2589 ἴδριες),
529 2525 556 2566 v.
583 2502 645 2566 503
669 2505 800 2587 βιοῦται
825 2503 891 2588 (pro
914 2502 1041 2588 βιᾶται)
1070 2506 1207 2588 aliaque.

136 2611 255 2675 Sensui
281 2629 413 2695 prorsus
446 2610 566 2674 absona
588 2632 617 2673 r.
651 2609 714 2672 427
752 2603 871 2694 δ’ὅμιος
892 2632 950 2694 pro
986 2604 1110 2688 δ’ὅπισς
1133 2612 1207 2696 (hoo

134 2723 242 2781 tamen
266 2719 363 2790 etiam
397 2717 484 2800 apud
507 2715 754 2802 Diogenianum,
776 2740 805 2781 v.
825 2740 845 2802 p
870 2718 937 2801 62),
959 2740 988 2780 v.
1012 2719 1077 2781 459
1101 2709 1208 2804 ἄπορ-

135 2820 271 2914 ρήξασαι
295 2845 353 2907 pro
378 2818 592 2915 ἀπορρήξασα
614 2827 750 2908 aliaque.

241 2931 309 2995 Nec
333 2933 446 2996 melior
469 2932 608 2995 conditio
631 2933 833 3010 Arsenii,
869 2933 1027 3016 Apostolii
1049 2931 1107 2995 filii
1141 2932 1209 2996 ool-

139 3039 294 3120 lectionis,
319 3041 437 3122 quippe
462 3039 519 3121 qui
533 3041 633 3122 patris
651 3040 797 3122 syllogen
814 3037 965 3102 omnibus
982 3059 1056 3104 eum
1072 3041 1207 3124 mendis,

140 3146 203 3208 nisi
227 3146 314 3227 quod
336 3166 366 3208 r.
390 3146 453 3208 427
479 3150 564 3208 recte
588 3147 716 3228 scripsit
740 3145 768 3210 d'
795 3139 894 3226 ὅπως,
918 3148 953 3209 in
968 3147 1088 3211 librum
1108 3168 1206 3211 suum

139 3253 294 3335 receperit
327 3257 358 3316 et
381 3253 410 3316 si
443 3252 520 3335 quid
544 3253 622 3314 novi
646 3252 782 3316 addebat
817 3259 848 3318 et
874 3256 944 3338 ipse
967 3254 1102 3318 Stobaeo
1128 3273 1205 3317 usus

47 3401 49 3405 ι
140 3360 188 3441 sit,
224 3379 289 3422 non
321 3363 491 3443 poetarum
515 3358 665 3442 operibus
699 3360 787 3444 ipsis.
845 3360 891 3424 Ut
923 3361 962 3424 ad
985 3360 1205 3443 Theognideos

137 3465 225 3530 locos
260 3466 345 3550 apud
380 3470 504 3550 patrem
538 3469 702 3530 exstantes
736 3488 767 3531 v,
793 3467 975 3551 177--1781
993 3468 1117 3549 adiecit,
1148 3466 1206 3530 ubi

139 3574 257 3652 pariter
280 3593 317 3636 ae
340 3571 496 3636 Stobaeus
521 3592 548 3634 v.
575 3572 637 3634 177
661 3593 719 3656 pro
743 3569 876 3661 καὶγὰρ
900 3574 1031 3638 exhibet
1054 3568 1204 3660 πᾶςγὰρ,

140 3694 168 3736 v.
191 3696 220 3759 p.
246 3678 303 3741 14:

354 3787 612 3872 Florilegium
636 3787 873 3854 Monacense.

246 3910 275 3954 v.
309 3891 525 3958 933-934.
563 3895 626 3958 118
662 3893 760 3977 (Stob.
784 3896 832 3960 ed.
860 3895 955 3960 Mein.
979 3893 1035 3975 IV,
1062 3913 1090 3976 p.
1119 3892 1207 3974 276).

136 4031 349 4043 t*—

244 4121 271 4192 2)
289 4121 380 4176 Verba
397 4121 535 4177 Ieutsmii
551 4122 580 4177 in
597 4122 770 4193 praelatione.
