2692 4576
647 229 684 291 14

132 431 207 475 cum
230 412 347 474 eximie
362 413 564 495 profunditas
581 416 627 477 sic
643 415 843 497 exprimatur
865 417 973 497 maris,
997 415 1081 497 quod
1098 434 1195 496 quem
1250 406 1258 415 ⁸

133 517 241 580 hausit
264 538 434 602 nunquam
457 521 576 584 reddat.

239 645 266 685 v.
283 624 494 689 177-178.
522 627 571 703 96,
598 626 648 702 14,
671 627 837 690 coniuncti
859 647 932 690 cnm
956 648 985 688 v,
1010 627 1194 689 649-653.

132 751 160 791 v.
187 731 247 792 177
273 733 363 795 codd.
387 732 526 816 Theogn.
556 730 611 796 καὶ
640 727 708 818 γὰρ,
739 731 897 796 Stobaeus
925 734 1066 815 itemque
1098 734 1196 795 ceteri

133 838 302 920 scriptores
321 841 376 921 qui
390 859 510 903 versus
526 839 662 902 afferunt
679 836 950 930 (Artemidorusll,
967 835 1196 919 Plutarchus2),

134 942 354 1030 Aristoteles3)
372 947 440 1022 πᾶς
455 940 523 1031 γὰρ.
549 944 642 1007 Hanc
658 945 829 1008 lectionem
841 945 984 1007 laudavit
993 944 1197 1008 Nietzschius

133 1057 164 1111 et
183 1049 342 1133 Bergkius
366 1053 496 1114 adnotat
520 1053 557 1115 ad
582 1052 611 1113 lr.
634 1052 671 1114 l.:
697 1072 743 1133 „a
759 1051 830 1113 177.
854 1049 920 1131 καὶ,
945 1054 1116 1135 scriptores
1141 1052 1198 1133 qui

133 1165 270 1222 utuntur
302 1160 361 1222 hoc
392 1178 503 1239 versu,
538 1159 618 1238 πᾶς,
651 1158 737 1220 haud
778 1157 873 1221 dubie
905 1159 1050 1221 rectius.“
1105 1156 1198 1232 Quod

88 1279 89 1284 ’
133 1265 223 1328 οο11ο
251 1267 345 1328 modo
374 1265 482 1348 probo.
530 1263 611 1326 Nam
643 1261 697 1327 ani
729 1259 789 1349 γάρ
812 1265 919 1328 verbis
951 1266 1099 1327 artiorem
1123 1283 1195 1325 cunr

132 1372 328 1453 praegressis
345 1371 577 1454 copulationem
590 1367 835 1453 efficientibus4)
861 1373 906 1432 uti
930 1390 994 1433 non
1016 1376 1199 1453 potuerunt,

135 1479 191 1559 qni
214 1497 232 1538 a
256 1496 352 1540 versu
379 1476 439 1538 177
464 1465 650 1558 inciperent.
694 1474 901 1538 Mutaverunt
924 1495 960 1538 ea
983 1478 1016 1537 in
1038 1477 1106 1551 πᾶς
1129 1471 1197 1560 γάρ,

135 1584 222 1666 quod
246 1583 434 1655 facillimum
460 1587 527 1667 crat
550 1589 580 1644 et
605 1601 687 1664 quae
711 1583 853 1664 mutatio
872 1588 908 1644 ut
930 1581 986 1644 fiat
1009 1583 1103 1644 etiam
1128 1584 1197 1644 sine

133 1691 190 1752 tali
213 1691 401 1752 necessitate
424 1690 531 1752 nescio
556 1709 620 1770 quo
644 1688 738 1750 modo
761 1690 877 1750 invitat
901 1707 1023 1751 versus.
1054 1687 1106 1750 Sic
1130 1693 1198 1749 orta

137 1797 313 1859 sententiae
336 1796 439 1860 forma
463 1795 549 1878 apud
566 1789 771 1858 Aristotelem
796 1794 1005 1857 Plutarchum
1017 1793 1198 1856 Artemido-

133 1923 214 1965 rum.
247 1902 289 1965 Et
311 1903 406 1986 plane
421 1905 456 1965 in
468 1886 764 1985 proverbium'haeo
788 1901 945 1983 abierunt,
970 1901 1055 1982 quod
1073 1903 1199 1983 egregie

135 2008 302 2071 confirmat
334 2009 470 2072 Luciani
505 2010 558 2072 hic
591 2009 682 2071 locus
712 2006 775 2090 (De
802 2008 938 2071 merced.
963 2002 1065 2071 cond.
1095 2027 1120 2069 c.
1151 2003 1198 2090 5):

135 2106 207 2178 εἶτα
232 2109 248 2179 ὁ
275 2113 408 2200 Θέογνις
430 2111 603 2201 πρόχειρος
625 2112 681 2178 καὶ
706 2109 791 2177 πολὺ
814 2109 860 2192 τὸ,

293 2223 368 2298 Πᾶς
391 2216 452 2307 γὰρ
476 2213 554 2306 ἀνὴρ
578 2215 675 2306 πενίῃ
699 2215 894 2306 ὄεὸμήμενος

135 2323 190 2390 καὶ
217 2319 278 2390 ὅσα
306 2316 388 2389 dita
421 2321 561 2408 δείματα
584 2318 665 2412 ὑπὲρ
698 2326 755 2412 τῆς
778 2320 895 2401 πενίας
918 2319 947 2388 οἱ
973 2316 1197 2410 ἀγεννέστατοι

135 2435 201 2497 τῶν
233 2434 383 2520 ποιητῶν
415 2426 643 2520 ἐξενηνόχασιν.
689 2431 802 2514 Itaque
830 2432 926 2494 etiam
953 2431 1109 2496 Stobaeus
1128 2433 1200 2516 ¹(uel

135 2541 243 2622 potius
262 2540 498 2623 compilatores,
522 2557 564 2601 ex
588 2557 728 2620 quorum
758 2536 907 2620 operibus
930 2537 1063 2621 hausit),
1087 2559 1199 2621 quam·

137 2665 233 2727 quam
260 2646 337 2708 huic
371 2645 517 2728 quidem,
543 2642 770 2725 qui-versibus
795 2643 978 2707 dle-653
1008 2647 1200 2709 sententiam

136 2752 333 2832 adnecteret,
362 2749 418 2815 aul
453 2746 513 2836 γάρ
549 2751 671 2840 optimo
700 2751 770 2812 iure
804 2750 897 2812 licuit
929 2769 1071 2833 servare,
1093 2756 1199 2814 tamen

138 2877 209 2920 eam
232 2859 369 2921 formam
386 2857 496 2920 afferre
519 2856 640 2938 maluit,
665 2875 746 2938 quae
764 2876 827 2919 usu
845 2863 972 2940 recepta
994 2859 1029 2920 in
1053 2858 1199 2920 omnium

137 2983 190 3027 ore
215 2970 311 3047 atque
335 2983 481 3028 sermone
500 2968 688 3026 versaretur.
734 2961 843 3025 Primo
866 2965 967 3046 igitur
984 2963 1200 3025 mutationum

136 3072 246 3154 generi
273 3072 351 3134 haec
373 3072 520 3135 lectionis
545 3064 685 3132 varietas
706 3068 947 3131 adnumeranda
969 3075 1024 3132 est.

243 3198 271 3239 v.
289 3178 497 3241 179-180.
529 3177 579 3259 96,
605 3175 654 3257 15,
678 3174 826 3238 versibus
852 3176 1026 3238 155-158
1050 3175 1200 3237 adiuncti.

137 3303 166 3344 v.
193 3285 255 3346 179
284 3284 357 3346 libri
380 3283 520 3366 Theogn.
552 3276 610 3371 χρὴ
641 3276 701 3367 γὰρ
733 3273 822 3361 ὁμῶς
844 3278 902 3344 ἐπὶ
926 3283 984 3369 γῆν
1006 3280 1073 3345 κτλ.
1080 3329 1088 3360 ,
1113 3279 1199 3346 Stob.

289 3529 316 3567 v.
335 3511 412 3569 infra,

291 3617 316 3653 v.
336 3600 415 3653 infra.

292 3706 317 3743 v.
337 3689 414 3742 infra.

243 3780 271 3844 4)
290 3776 412 3845 ,Ειοοίοι’
433 3775 628 3845 conjunctionis
641 3774 698 3829 vim
717 3775 823 3828 habent.
837 3774 872 3826 Et
884 3774 955 3842 apud
967 3773 1116 3828 Homerum
1134 3773 1202 3825 haec

140 3864 271 3932 copulatio
295 3866 394 3919 usitata
412 3870 453 3919 est
477 3865 534 3934 (cfr.
554 3864 585 3931 Β,
605 3865 672 3930 377,
691 3863 722 3930 Ε,
742 3864 808 3930 487,
828 3863 849 3931 Ι,
869 3866 935 3930 533;
954 3885 971 3931 ι,
992 3863 1056 3929 19ος
1075 3879 1102 3916 v.
1122 3861 1202 3915 etiam

138 3953 252 4023 liniger,
273 3955 379 4008 Griech.
399 3953 519 4023 Sprachl.
537 3952 574 4020 Π,
594 3953 636 4020 69,
646 3954 681 4006 41
694 3954 719 4004 A
732 3952 759 4020 (i)
778 3956 805 4004 et
823 3952 1083 4020 apndThoognidem
1101 3950 1201 4018 legitur

138 4059 164 4096 r.
184 4042 244 4096 940.
263 4043 324 4098 525.
344 4044 404 4102 968.
