2692 4576
653 171 801 288 ιε’

140 411 346 494 compilator:
371 409 423 471 hic
447 408 577 491 quidem
613 429 720 505 opera·
741 411 812 473 eius
846 429 912 473 non
939 411 1131 494 indigemus.
1156 448 1198 457 —

138 538 169 584 v.
194 518 266 579 156.
289 537 347 600 pro
371 507 542 604 οὐλομένην
564 515 650 580 Stob.
674 512 785 602 Κίρνε,
809 513 920 606 κακήν.
943 522 994 591 -1-.

245 679 274 721 v.
289 658 499 721 175-176.
528 657 578 739 96,
595 657 645 719 16.
668 656 738 721 Hos
754 677 868 721 versus
882 663 1009 741 praeter
1027 657 1200 723 Stobaeum

137 766 290 850 permulti
313 766 483 847 scriptores
503 763 641 826 afferunt
664 763 879 849 (Plutarchus,
896 763 1043 829 Clemens
1059 766 1200 829 Alexan-

139 873 267 954 drinus,
301 871 543 953 Hermogenes,
570 870 789 953 Aphthonius,
829 870 1060 954 Theodoretus,
1098 871 1200 936 Schol.

138 976 349 1059 Thucydidis
381 976 483 1041 Schol.
518 977 716 1058 Aristotelis,
748 975 885 1040 Cramer.
919 978 1042 1043 Aneod.
1078 979 1198 1061 Paris).

139 1082 259 1147 Omnes
290 1085 325 1146 hi
355 1085 497 1166 itemque
521 1083 678 1147 Stobaeus
707 1104 737 1146 v.
763 1084 835 1148 175.
882 1079 942 1174 χρὴ
965 1081 1081 1172 πενίην
1103 1082 1200 1174 qa'q,

138 1209 212 1253 cum
235 1191 270 1252 in
293 1189 475 1274 Theognide
497 1191 635 1274 legatur:

289 1286 394 1383 Ἄνδρ)
419 1291 548 1381 ἀγαθὸν
578 1291 675 1383 πενίη
703 1291 839 1359 πάντων
873 1292 1013 1385 δάμνησι
1044 1295 1200 1380 μάλιστα,

297 1400 355 1466 καὶ
388 1399 491 1490 γήρως
525 1401 655 1484 πολιοῦ,
685 1397 800 1488 Κύρνε,
833 1399 890 1465 καὶ
913 1398 1069 1488 ἠπιάλου,

297 1500 343 1595 ἣν
367 1503 411 1598 δὴ
434 1506 503 1597 χρη
527 1504 684 1596 φεύγοντα
706 1506 773 1572 κτλ.

137 1649 298 1735 Berglrius
326 1651 468 1714 adnotat:
510 1641 567 1740 „iia
598 1645 637 1737 δὴ
669 1645 741 1738 χρη,
765 1650 810 1711 ita
840 1648 1032 1731 Theognidis
1067 1652 1200 1735 codices,

139 1758 226 1841 quod
248 1758 426 1842 profectum
448 1757 487 1820 ab
510 1758 560 1839 iis,
584 1758 640 1839 qui
655 1756 733 1820 haec
752 1775 827 1819 enm
843 1757 989 1839 proxime
1004 1759 1200 1841 praegressis

138 1865 287 1949 copulare
303 1865 485 1946 voluerunt,
504 1885 580 1927 nam
600 1882 721 1942 omneS,
744 1864 802 1946 qui
820 1864 870 1926 his
889 1863 1037 1928 versibus
1052 1869 1199 1943 utuntur,

138 1966 198 2059 χρὴ
222 1967 338 2060 πενίην
361 1971 523 2035 afferunt.“
558 1970 626 2034 Nec
649 1972 758 2034 minus
774 1969 978 2034 Nietzschius
998 1970 1032 2053 (l.
1048 1971 1068 2032 l.
1084 1992 1113 2054 p.
1126 1972 1200 2052 186)

141 2080 301 2160 egregiam
327 2078 409 2140 dixit
431 2077 520 2139 illam
543 2077 721 2139 lectionem.
759 2074 889 2139 Erravit
910 2081 1054 2159 uterque.
1100 2076 1201 2141 Primi

140 2185 269 2267 generis
293 2184 506 2246 mutationem
529 2182 613 2244 hanc
636 2201 706 2245 esse
729 2182 808 2243 mihi
832 2182 963 2264 quidem
984 2183 1058 2246 luce
1082 2185 1201 2248 clarius

137 2289 273 2353 videtur.
319 2288 361 2352 Et
394 2308 467 2351 cum
500 2287 617 2350 melius
650 2288 689 2350 de
720 2288 781 2349 hac
812 2307 848 2350 re
879 2287 992 2351 disseri
1019 2309 1086 2352 non
1107 2310 1201 2374 posse

138 2396 266 2459 credam
280 2416 378 2479 quam
391 2395 541 2458 disseruit
552 2391 833 2478 Heimsoethiusl),
844 2395 943 2458 huius
955 2395 1053 2458 verba
1068 2416 1200 2479 ponam:

138 2501 230 2584 „Non
254 2505 387 2566 certiore
411 2505 600 2584 argumento
623 2502 658 2563 in
682 2521 710 2562 r.
729 2500 791 2562 173
807 2520 867 2583 sqq
883 2550 890 2565 .
908 2550 915 2563 .
932 2550 962 2564 ..
986 2502 1084 2565 verba
1106 2494 1144 2591 ἣν
1161 2497 1201 2589 δὴ

137 2603 196 2696 χρὴ
220 2630 239 2672 a
261 2609 441 2672 breviatore
474 2608 613 2692 profecta
645 2625 729 2688 esse,
756 2608 864 2688 ipsum
894 2606 1110 2690 Theognidem
1141 2604 1201 2696 χρὴ

137 2711 254 2802 πενίην
276 2717 425 2799 scripisse
441 2735 483 2778 ex
506 2734 543 2778 eo
567 2714 674 2798 colligi
696 2713 776 2776 mihi
792 2713 929 2797 videtur,
953 2715 1040 2797 quod
1065 2716 1200 2798 quicun-

139 2841 200 2904 que
234 2823 295 2885 hac
329 2823 500 2904 sententia,
532 2840 614 2904 quae
648 2820 759 2884 multis
782 2820 914 2902 placuit,
942 2823 995 2884 usi
1028 2825 1116 2901 sunt,
1139 2819 1199 2880 hoo

138 2927 299 2991 exhibent.
334 2927 461 2992 Etenim
488 2948 553 2992 non
577 2929 683 2992 solum
705 2928 820 2990 horum
843 2927 1096 3010 fragmentorum
1114 2943 1199 2988 com-

136 3034 279 3116 positor,
305 3035 480 3098 sedetiam
504 3037 672 3119 scriptores
708 3037 762 3117 qui
784 3033 976 3118 Theognidis
1000 3035 1200 3116 aliorumque

137 3139 286 3204 versibus
310 3142 362 3205 usi
386 3147 464 3206 sunt
486 3163 589 3206 unum
614 3148 645 3206 et
668 3143 805 3205 alterum
827 3142 863 3202 in
887 3160 983 3204 suum
1007 3161 1105 3204 usum
1128 3160 1200 3203 mu-

136 3249 255 3308 tarunt.
303 3244 365 3322 Qui
389 3248 472 3312 hanc
500 3249 539 3313 de
570 3251 756 3330 paupertate
790 3245 988 3310 sententiam
1017 3245 1200 3328 afferebant,

137 3370 202 3413 non
225 3358 372 3436 poterant
395 3355 487 3418 aliter
509 3354 661 3436 incipere,
685 3354 753 3416 sive
773 3353 833 3416 hoc
857 3373 944 3416 unus
959 3354 1102 3437 primum
1117 3353 1201 3434 fecit,

138 3477 235 3536 quem
258 3464 355 3525 ceteri
379 3463 482 3525 secuti
506 3465 597 3542 sunt,
619 3461 687 3523 sive
715 3460 811 3522 etiam
838 3460 947 3542 plures
976 3460 1088 3524 eadem
1112 3459 1201 3522 ducti

137 3567 327 3631 necessitate
352 3566 454 3652 (quod
478 3569 573 3631 etiam
598 3566 637 3628 ad
661 3565 833 3630 Stobaeum
856 3567 1016 3651 pertinet).
1056 3564 1108 3628 Ab
1132 3567 1201 3649 ipso

136 3669 319 3755 Theognide
354 3674 562 3738 verisimilius
601 3678 649 3736 est
682 3673 781 3736 verba
814 3672 869 3734 illa
903 3673 1094 3753 sententiae,
1118 3690 1202 3754 quae

138 3796 266 3843 causam
286 3780 483 3862 continebat,
507 3781 554 3842 sio
577 3799 634 3863 per
656 3769 695 3868 ἣν
718 3774 758 3868 δὴ
781 3773 840 3867 χρη
863 3778 1014 3841 adiuncta
1037 3779 1134 3842 esse.“
1158 3815 1202 3825 -

244 4045 505 4116 DOEpffiffl
