2692 4576
648 269 692 331 42

134 452 193 516 ubi
221 456 328 516 exstat
354 454 415 517 hoc
446 454 615 538 distichon,
637 456 745 520 falsus.
792 457 861 522 Nec
892 461 979 522 enim
1010 463 1106 546 plane
1136 462 1221 545 jam.

136 559 278 623 avolavit
300 566 413 643 poetae
436 562 597 626 iuventus.
644 561 706 627 Cfr.
732 565 828 626 etiam
852 585 880 626 v,
907 566 1126 631 1131-1132

233 657 321 730 Ἀλλ’
339 660 420 755 ἥβην
442 662 558 754 ἐρατὴν
574 660 782 755 ὀλοαύροιιαι,
807 661 873 755 ἥμ’
893 667 1071 750 ἐπιλείπει,

242 769 347 837 κλαίω
371 773 400 837 d'
424 765 579 859 ἀργαλέον
594 775 692 859 γῆρας
710 769 931 859 ἐπερχόμενον,

135 879 193 943 ubi
208 880 319 944 itidem
338 881 508 961 utriusque
524 877 614 942 verbi
636 897 788 963 praesens
812 885 883 944 exst
903 885 923 944 t.

243 1006 272 1049 r.
305 985 520 1051 535-536.
562 983 618 1068 62,
643 986 693 1049 36.
742 985 843 1050 Nulla
879 988 1008 1052 maioris
1045 993 1201 1053 momenti

138 1092 356 1175 discrepantia.
393 1092 436 1175 (r.
469 1093 533 1155 535
559 1091 752 1158 Mutinensis
785 1095 872 1159 solus
895 1100 980 1160 recte
1009 1090 1115 1174 ἰθεῖα,
1138 1095 1202 1159 for-

136 1219 222 1262 mam
246 1198 367 1280 epicam
391 1203 422 1262 et
445 1198 597 1283 Ionicum,
622 1203 720 1265 ceteri
742 1221 853 1265 omncs
877 1207 908 1265 et
924 1202 1008 1266 Stob.
1024 1203 1104 1267 falso
1120 1203 1204 1266 Atti·

137 1325 208 1368 cam
240 1303 376 1366 formam
408 1297 530 1370 εὐθεῖα.
564 1328 593 1367 v.
619 1308 690 1369 536.
716 1305 803 1370 Stob.
836 1327 893 1389 pro
930 1304 998 1372 ciet
1025 1310 1105 1373 falso
1141 1301 1203 1389 ciel,

137 1431 200 1494 qno
225 1410 263 1474 de
285 1430 314 1472 v.
337 1430 366 1492 p.
393 1411 454 1491 15).

243 1515 695 1595 v.585-590.111,16.
743 1535 772 1579 r.
805 1517 865 1577 586
900 1517 986 1581 Stob.
1024 1524 1056 1581 et
1090 1539 1203 1583 omnes

136 1629 262 1707 praeter
284 1623 315 1684 A
337 1621 478 1704 Theogn.
501 1619 600 1683 libros
623 1625 697 1699 ποῖ,
722 1623 752 1683 Α
775 1621 832 1709 πῇ.
880 1621 1074 1686 Mutinensis
1104 1624 1199 1686 lectio

138 1731 206 1794 sola
240 1734 341 1805 recta,
371 1729 524 1811 quoniam
556 1729 605 1816 πῇ
628 1728 713 1812 apnd
735 1727 914 1794 Homerum
943 1731 1201 1810 usitatissimum,

136 1838 199 1900 ποῖ
222 1855 241 1898 a
264 1836 393 1919 tragicis
418 1835 549 1899 demum
584 1842 776 1920 usurpatum
804 1844 859 1902 est.
906 1836 1000 1913 Quod
1027 1837 1061 1898 in
1088 1835 1203 1897 lexicis

135 1942 264 2025 legitur,
288 1946 426 2007 formam
446 1945 507 2007 ποῖ
530 1943 564 2004 in
581 1942 763 2028 Theognide
786 1947 889 2028 primo
910 1949 1047 2024 exstare,
1070 1942 1205 2004 deterio-

137 2068 212 2111 rum
235 2055 362 2112 tantnm
387 2050 535 2113 codicum
560 2050 621 2113 hcc
643 2071 709 2114 uno
726 2052 795 2115 loco
811 2053 948 2115 lectione
964 2051 1078 2114 nititur
1102 2066 1204 2129 eoque

138 2155 311 2219 delendum
335 2160 390 2218 est.
439 2154 509 2229 Qua
538 2154 577 2217 de
612 2176 710 2219 cansa
740 2159 825 2221 hanc
858 2177 926 2221 rem
960 2157 1000 2219 ad
1033 2156 1206 2217 dialectum

136 2262 349 2345 pertinentem
373 2261 465 2342 attigi
488 2263 600 2321 contra
624 2279 661 2322 ea
685 2281 767 2342 quae
791 2263 927 2344 exposui
950 2282 979 2343 p.
1006 2262 1032 2321 7.

244 2388 273 2429 v.
299 2365 361 2430 587
390 2367 425 2428 in
448 2364 630 2446 Theognide
663 2357 844 2448 είδοκιμεῖν
878 2362 1092 2451 πειρώμενος,
1117 2364 1203 2428 Stob.

138 2466 320 2557 ιίόοκιμιῦν
348 2498 385 2536 ιι.
416 2474 460 2544 †.
487 2469 689 2534 Constructio
712 2479 808 2552 recta,
831 2473 888 2536 sed
912 2473 998 2555 quod
1022 2473 1085 2535 duo
1108 2473 1206 2555 parti-

139 2583 231 2665 cipia,
258 2601 394 2665 quorum
422 2598 522 2641 unum
546 2577 585 2639 ab
610 2578 706 2641 altero
722 2579 848 2661 pendet,
874 2584 1081 2661 concurrunt,
1105 2578 1205 2642 offen·

141 2691 264 2753 sionem
287 2689 391 2754 habet.
441 2683 655 2762 Quamobrem
681 2685 776 2748 etiam
800 2686 834 2748 in
851 2685 985 2750 Stobaeo
1003 2685 1204 2750 Gaisfordius

140 2797 267 2878 scripsit
289 2786 478 2877 είδοκιμεῖν.

246 2922 275 2963 v.
302 2901 365 2963 589
387 2899 526 2983 Theogn.
551 2919 662 2964 omnes
693 2899 766 2963 libri
791 2900 1092 2977 retroguardia,
1116 2897 1202 2961 Stob.

140 3002 248 3072 καλὸν
270 3008 431 3071 ποιοῦντι.
476 3007 622 3091 Utraque
645 3008 739 3071 lectio
763 3009 873 3071 sensui
885 3026 1015 3090 prorsus
1037 3009 1204 3088 repugnat,

141 3113 349 3197 quamobrem
373 3119 458 3178 recte
483 3116 552 3179 sine
574 3114 671 3177 dubio
693 3115 757 3177 iam
783 3112 984 3178 Camerarius
1012 3132 1069 3197 prc
1097 3111 1204 3188 καλῶς

139 3222 246 3305 posuit
269 3222 386 3298 κακῶς.
432 3222 472 3284 In
496 3222 608 3286 ecdem
631 3240 729 3285 versu
752 3240 808 3303 pro
832 3217 909 3305 περὶ
942 3216 1053 3284 πάντα
1076 3213 1203 3299 τίθησι,

143 3347 225 3411 quae
247 3327 347 3391 verba
378 3331 495 3412 optime
528 3348 562 3392 se
585 3328 705 3390 habent
734 3328 769 3387 in
792 3324 986 3405 Theognide,
1009 3321 1095 3385 Stob.
1119 3313 1204 3381 aoid

142 3432 254 3501 πάντα
287 3431 418 3523 τίθησι,
447 3440 554 3518 aperte
583 3434 723 3498 deterius
751 3434 880 3512 propter
911 3427 1078 3511 sequentia
1105 3422 1204 3486 verba

142 3537 310 3630 οιντϊχίην
333 3533 463 3629 ἀγαθήν
487 3563 493 3603 ;
519 3560 618 3604 causa
640 3537 827 3601 mutationis
850 3533 1043 3617 praecedens
1067 3530 1204 3595 verbum

140 3644 240 3714 καλὸν
262 3649 391 3712 videtur
412 3648 519 3711 fuisse.

248 3776 277 3818 v.
308 3756 371 3818 590
403 3749 571 3840 συντυχίην
601 3741 731 3836 ἀγαθήν
761 3753 847 3811 recte
878 3747 954 3810 libri
984 3746 1137 3829 Theogn.‚
1170 3748 1204 3808 in

142 3863 278 3933 Stobaeo
301 3867 425 3945 praeter
449 3860 581 3922 Gesneri
609 3859 800 3939 marginem,
824 3853 881 3918 nbi
904 3859 990 3917 recte
1013 3873 1041 3916 ο.
1066 3844 1203 3940 ἀγαθήν,

143 3987 254 4033 omnes
278 3969 368 4032 codd.
399 3960 566 4052 obnoxior
589 3956 739 4049 ἀγαθῶν,
769 3961 856 4044 quod
883 3980 982 4025 sensu
1006 3967 1091 4025 caret
1124 3960 1204 4041 (cod.

141 4075 251 4138 Vossii
274 4094 406 4158 prorsus
423 4074 529 4154 inepte
553 4091 582 4136 ο.
600 4064 627 4135 d
643 4061 798 4156 ἀναλῶν).
833 4069 958 4134 Ibidem
975 4068 1050 4133 libri
1067 4067 1204 4150 Theogn.
