2692 4576
658 242 677 306 9

138 431 298 513 duplicem
327 430 421 492 aliam
447 448 558 492 earum
589 448 720 492 causam
757 447 828 492 esse
859 429 1036 492 rectissime
1063 429 1201 512 invenit:

139 554 222 618 quae
245 555 360 599 causae
384 555 451 598 non
475 536 621 599 diversae
653 541 772 598 sunta
796 535 899 617 primo
928 536 1088 617 tertioque
1119 552 1203 617 quae

137 637 241 725 supra
272 645 439 726 posuimus
483 643 704 704 mutationum
741 643 774 703 in
814 642 893 704 locis
928 640 1066 704 laudatis
1106 659 1202 724 gene·

109 748 238 812 ribus.
285 747 372 810 Dicit
405 749 490 811 enim
524 768 553 830 p.
591 748 647 808 24:
691 745 932 831 „Oompilator.
958 765 1060 809 ...e
1089 747 1203 829 quovis

136 873 254 938 genere
281 853 439 917 librorum
463 855 638 917 sententias
670 853 863 934 describens
892 873 968 916 cum
995 852 1202 916 manifestum

136 963 269 1025 sitnon
297 961 343 1023 eis
368 979 494 1043 semper
521 959 628 1023 verbis
646 961 900 1043 ,enuntiationes
932 959 1092 1023 exhibitas
1126 977 1201 1022 eum

134 1069 285 1150 reperire,
310 1065 431 1148 quibus
458 1069 495 1128 in
517 1065 672 1148 florilegio
696 1067 744 1128 uti
773 1067 883 1149 possit,
912 1087 1010 1149 quam
1037 1065 1131 1128 facile
1154 1066 1202 1127 in-

137 1173 213 1236 duci
238 1173 376 1255 potuerit
400 1178 437 1234 ut
459 1171 557 1234 verba
580 1173 620 1234 ad
637 1191 733 1235 suum
750 1172 1007 1237 adcommodaret
1023 1171 1202 1252 consilium,

136 1298 203 1341 non
225 1279 338 1342 multis
373 1297 452 1360 opus
486 1285 534 1341 est
568 1297 728 1361 exponere
759 1277 876 1342 verbis.
923 1277 1037 1360 Itaque
1067 1283 1202 1358 tantum,

136 1386 323 1468 praesertim
355 1385 390 1446 in
425 1385 548 1448 solutae
583 1385 735 1447 orationis
768 1384 993 1468 scriptoribus,
1028 1402 1202 1446 numerum

134 1492 300 1554 initiorum
324 1493 559 1554 sententiarum
582 1496 782 1554 mutatorum
804 1492 840 1553 in
856 1490 991 1554 Stobaeo
1007 1492 1202 1570 invenimus,

137 1602 294 1679 quantum
305 1616 496 1660 enumerare
508 1598 640 1680 longum
654 1598 764 1661 esset.“
811 1596 937 1660 Vellem
954 1597 1033 1659 haec
1050 1596 1202 1659 subtilius

102 1763 105 1768 .
137 1702 220 1765 dicta
242 1709 362 1766 essent:
388 1709 519 1786 apparet
542 1709 651 1766 tamen
674 1709 705 1766 et
729 1723 804 1766 cum
824 1703 980 1785 exemplis
1004 1703 1108 1766 allatis
1132 1708 1201 1765 tum

136 1807 269 1870 alterius
294 1809 381 1890 quod
405 1811 518 1872 statuit
540 1811 591 1871 vir
615 1810 726 1872 doctus
750 1809 939 1872 mutationis
954 1810 1082 1892 generis
1106 1827 1202 1891 oppo-

138 1915 253 1976 sitione
268 1912 423 1995 firmatur‚
438 1916 574 1996 primam
595 1919 736 1977 nostram
754 1914 889 1976 classem
913 1933 987 1978 eum
1012 1914 1201 1998 significare.

138 2018 227 2081 luter
249 2019 405 2102 exempla,
429 2021 537 2082 omnia
564 2040 605 2083 ex
632 2019 788 2102 Euripide
814 2021 920 2104 petita,
951 2021 1032 2084 haec
1059 2022 1202 2084 maxime

139 2123 357 2188 delectabunt:

140 2231 266 2294 Helena
291 2232 352 2293 711
378 2231 544 2312 (Kirchh.):

298 2327 324 2400 εὖ
347 2333 497 2424 θύγατερ,
522 2331 539 2402 ὁ
562 2333 641 2416 θεὸς
666 2333 708 2416 ὡς
731 2335 791 2427 ἔφυ
814 2364 847 2404 τι
872 2336 1032 2404 ποικίλον.

138 2443 224 2507 Stob.
250 2444 307 2506 ecl.
330 2445 423 2526 phys.
447 2445 472 2524 I,
498 2445 526 2526 7,
551 2445 584 2508 6:

245 2546 369 2635 σκέψαι
393 2547 463 2638 γάρ,
488 2543 504 2616 ὁ
526 2547 606 2630 θεὸς
630 2547 674 2630 ὡς
697 2549 757 2640 ἔφυ
780 2576 814 2616 τι
839 2548 1001 2631 ποικίλον,

248 2658 386 2737 quaein
410 2657 563 2742 Euripide
586 2679 653 2722 non
675 2661 935 2742 intellegerentur
959 2661 1099 2722 omnino.

139 2759 253 2824 Medea
277 2761 340 2823 263
366 2783 451 2846 sqq.:

138 2891 167 2932 v.
193 2871 257 2932 259
281 2871 435 2934 τοσοῦτον
458 2868 494 2935 δέ
517 2892 574 2936 σου
597 2868 763 2956 τυγχάνειν
785 2868 985 2961 βουλήσομαι

138 3102 168 3143 v.
193 3082 256 3144 263
282 3083 385 3166 σιγᾶν.
410 3079 484 3172 μονὴ
507 3080 567 3170 γάρ
591 3075 694 3149 τᾶλλα
716 3083 776 3168 μὲν
799 3081 903 3172 φόβου
927 3081 1012 3148 πλέα

298 3183 382 3276 κακὴ
406 3189 435 3253 δ’
452 3188 485 3267 ἐς
508 3186 608 3279 ἄλκην
631 3191 698 3256 κτλ.

138 3295 222 3359 Stob.
250 3289 300 3376 73,
317 3296 351 3358 8:
393 3292 476 3384 Γυνὴ
499 3294 558 3385 γάρ
589 3296 660 3362 ἐστι
684 3289 787 3362 τᾶλλα
817 3296 876 3380 μὲν
899 3295 1003 3385 φόβου
1027 3295 1112 3363 πλέα
1135 3299 1202 3363 ιιτλ.

138 3401 330 3465 Heraclidae
355 3401 427 3464 865.
452 3403 529 3466 866:

297 3528 326 3571 v.
351 3508 416 3571 864
440 3559 636 3576 .......
661 3507 812 3598 κηρύσσει
836 3515 967 3594 μαθεῖν,

139 3634 169 3679 v.
195 3614 259 3676 865
284 3609 340 3679 τὸν
362 3607 502 3697 εὐτυχεῖν
525 3618 681 3682 δοκοῦντα
703 3614 749 3704 μη
773 3618 893 3706 ζηλοῦν,
917 3615 998 3703 πρὶν
1021 3612 1061 3682 dv

297 3718 432 3786 θανόντ’
456 3718 511 3811 ἴδη
535 3744 599 3801 τις·
626 3717 670 3801 ὡς
692 3721 848 3813 ἐφήμεροι
872 3721 975 3806 τύχαι.

141 3826 227 3893 stoa.
253 3830 326 3911 105,
346 3830 401 3892 aa:

302 3931 366 4000 Τὸν
388 3928 528 4015 εἰτυχεῖν
551 3935 707 4001 δοκοῦντα
729 3933 775 4026 μη
800 3938 938 4025 ζηλοῦτε,
964 3935 1045 4023 πρὶν

298 4039 432 4106 θανόντ’
456 4037 511 4130 t'dp
534 4067 585 4121 τις
608 4045 674 4109 κτλ.
