2692 4576
651 251 692 314 60

244 454 273 498 v.
302 434 373 498 109
398 435 563 517 usquead
589 437 724 501 verbum
750 435 829 518 νόον,
863 440 951 503 nulla
979 441 1202 526 discrepantia.

351 574 472 639 Philo.

244 702 273 745 v.
301 682 512 746 535-536.
536 683 579 761 ΙΙ,
614 683 679 749 469
711 687 758 749 ed.
784 687 934 773 Mangey.
991 709 1019 750 v.
1053 691 1115 753 535
1150 682 1201 755 εί·-

139 790 228 852 octo.
254 809 282 850 v.
299 810 327 872 p.
348 790 400 854 42.

352 930 559 995 Musonius
582 932 726 1017 Rufus,
750 957 797 1018 ap.
825 935 912 1002 Stob.
940 935 990 1019 56,
1016 939 1064 1000 18.

244 1057 273 1099 v.
299 1037 458 1100 33-36.
497 1059 522 1102 v.
550 1037 592 1101 33
616 1037 672 1104 καί
696 1036 779 1123 μετὰ
803 1044 869 1107 τῶν
892 1039 931 1107 σί·
959 1067 992 1130 με
1016 1069 1053 1107 π.
1077 1080 1121 1090 -
1144 1041 1201 1109 καὶ

137 1137 220 1222 μετὰ
244 1147 359 1207 τοῖσιν.
407 1145 444 1208 V.
469 1166 567 1231 supra
590 1168 618 1231 p.
632 1149 681 1210 55.
699 1186 741 1193 -
756 1169 785 1210 v.
812 1149 852 1212 36
870 1152 1038 1239 συμμιγής,
1061 1170 1090 1212 v.
1107 1172 1136 1235 p.
1151 1150 1201 1214 56.

351 1287 591 1352 Plutarchus

244 1412 272 1454 v.
299 1394 343 1455 17
352 1394 514 1457 5-176,
561 1393 609 1457 De
642 1397 870 1462 communibus
898 1400 1019 1464 notitiis
1043 1401 1202 1465 adversus

137 1496 259 1561 Stoicos
283 1497 334 1561 22.
376 1519 405 1563 v.
433 1498 495 1561 175
519 1493 578 1585 χρή
604 1497 720 1588 πενίην
742 1501 826 1566 Plut.
871 1504 1202 1590 Τεοο1οτὶρσοοο1ἰο-

137 1622 212 1667 nem
235 1625 264 1687 p.
298 1606 337 1668 12
368 1626 436 1689 sqq.
481 1605 522 1668 In
549 1606 660 1670 eodem
688 1628 785 1672 versu
812 1609 896 1674 Plut.
923 1609 1114 1702 μεγακήτεα.
1161 1614 1200 1677 V.

136 1731 165 1794 p.
192 1710 240 1775 13.

243 1817 366 1883 Versus
392 1819 454 1880 175
478 1820 566 1903 prior
587 1840 662 1903 pars
695 1826 727 1884 et
748 1824 880 1904 parodia
902 1825 938 1887 in
961 1846 1012 1889 vv.
1040 1828 1111 1890 175.
1138 1828 1200 1890 176

136 1929 242 1988 exstat
264 1926 299 1988 in
327 1925 409 1988 libro
432 1924 481 1989 De
505 1924 685 1990 Stoicorum
712 1931 934 2012 repugnantiis
960 1933 1014 1995 14:
1058 1932 1141 1998 ποτὲ
1165 1933 1201 2000 δὲ

136 2027 364 2116 (Χρύσιππος)
382 2026 438 2096 τὸν
457 2027 591 2116 Θέογνιν
605 2029 888 2121 ἐπανορθούμενος
909 2029 980 2102 »οἰκ
995 2034 1070 2118 ἔδει,
1089 2037 1198 2127 φήσὶν,

136 2132 252 2201 εἰπεῖν·
300 2133 372 2227 Χρὴ
396 2134 511 2226 πενίην
534 2135 701 2226 φεογόνεα,
724 2141 847 2223 μᾶλλον
871 2141 906 2208 δὲ

244 2239 316 2333 Χρὴ
340 2240 458 2309 κακίαν
491 2241 648 2333 φεύγοντα
680 2245 736 2311 καὶ
770 2246 802 2326 ἐς
828 2244 1053 2335 βαθυκήτεα
1076 2244 1198 2313 πόντον

243 2354 375 2436 ῥιπτεῖν
397 2351 480 2416 κτλ.<<

137 2453 197 2518 ou.
220 2477 249 2540 p.
275 2455 324 2522 13.

243 2585 271 2627 v.
299 2566 472 2631 177-17
480 2570 508 2632 8.
546 2567 595 2632 De
618 2568 720 2649 poetis
743 2565 913 2630 audiendis
936 2567 965 2629 4.
989 2586 1018 2628 v.
1034 2564 1095 2629 177
1113 2565 1199 2630 ΡΙο1.

137 2672 205 2748 πᾶς
228 2666 286 2757 γὰρ
309 2693 368 2755 pro
392 2672 446 2738 καὶ
472 2670 540 2762 γὰρ,
565 2697 594 2736 v.
618 2696 647 2758 p.
674 2675 724 2736 14.
748 2710 790 2718 —

243 2799 271 2840 v.
296 2779 508 2844 215-216.
554 2780 603 2846 De
635 2783 812 2844 amicorum
848 2779 1059 2843 multitudine
1095 2780 1129 2860 9,
1152 2776 1201 2843 De

137 2885 276 2948 sollertia
300 2887 488 2950 animalium
513 2886 565 2970 27,
589 2886 802 2962 Quaestiones
826 2886 982 2948 naturalis
1008 2886 1057 2948 19.

243 3012 271 3054 ν.
297 2993 360 3054 215
384 2972 441 3075 pro
466 2991 634 3059 πουλύπου
657 2985 752 3080 ὀργήν
776 2991 864 3074 quod
891 2991 1010 3074 legitur
1043 2992 1077 3055 in
1100 2990 1200 3087 Theo·

136 3098 246 3180 gnido,
274 3097 358 3161 Plut.
395 3100 544 3164 omnibus
574 3100 677 3164 tribus
699 3099 779 3161 loeis
814 3092 1022 3175 πουλύποδος
1056 3092 1128 3162 νόον
1154 3104 1200 3174 -Ι-.

137 3202 241 3268 Causa
264 3207 450 3270 mutationis
474 3202 642 3272 ποολίπον
664 3206 835 3288 genetivus
850 3203 1009 3268 insolitus,
1033 3204 1072 3266 In
1088 3204 1201 3268 eodem

136 3329 232 3374 versu
266 3332 323 3394 pro
355 3310 564 3378 πολυπλόκου
595 3313 697 3394 primo
728 3311 797 3374 loco
830 3306 1041 3397 πολύφρονος,
1074 3309 1201 3374 duobus

137 3417 207 3480 aliis
232 3415 407 3506 πολυχρόου
436 3421 479 3490 ÷.
503 3419 705 3501 Hartungius
725 3418 848 3499 poetice
872 3425 904 3480 et
925 3417 1092 3500 ingeniose
1116 3417 1201 3480 dicto

137 3525 363 3606 quotidianum
391 3527 572 3609 praeferens
596 3531 694 3608 atque
716 3525 878 3604 ieiunum,
901 3542 959 3606 pro
993 3518 1202 3588 πολσπλὸκοο

137 3629 317 3719 πολυχρίοτ·
340 3635 373 3696 in
397 3639 524 3697 textum
547 3633 675 3715 recepit.

243 3759 271 3802 ν.
308 3741 379 3802 216.
441 3739 633 3824 Theognidis
671 3737 746 3800 libri
784 3738 823 3825 τῇ
862 3730 1098 3824 προσομνλήσει
1136 3736 1201 3800 iovi

136 3864 257 3928 errore,
290 3846 517 3929 corrigendum
548 3840 789 3932 προσομιλήσῃ,
820 3840 904 3904 Plut.
933 3842 1039 3924 priore
1062 3847 1201 3925 utroque

135 3952 206 4015 ioco
235 3954 338 4040 τῇπερ
377 3945 514 4040 ὁμιλήσῃ
549 3959 596 4033 †,
623 3957 656 4014 at
693 3951 728 4012 in
767 3947 893 4023 Quaest.
932 3952 995 4011 nat.
1034 3953 1118 4013 recte
1163 3950 1201 4038 τῇ

136 4055 373 4148 προσομιλήσῃ.
398 4096 441 4104 -
