2692 4576
652 236 694 300 56

141 423 291 501 exstanti,
315 443 343 484 r.
367 443 396 506 p.
412 424 464 502 52)
476 429 646 505 utramque
662 422 831 486 lectionem
848 423 1054 487 commiscere
1070 429 1208 488 conatus

141 533 197 608 est,
221 527 366 593 scribens
391 524 537 618 δαήσεαι.
583 528 651 592 Nec
674 527 840 612 Bergkius
859 548 901 592 ex
923 529 1096 593 Aristotele
1118 535 1209 594 recte

140 635 306 716 conclusit,
328 635 462 699 fortasse
481 636 687 700 scribendum
711 654 782 698 esse
801 630 894 698 ἔσθλ’
919 626 1115 718 άπομάξεαι,
1141 655 1208 719 quo

141 739 179 804 de
202 740 287 804 infra
310 742 464 806 disseram
482 743 517 804 in
539 742 618 805 locis
640 741 863 805 Aristotelicis

246 885 276 926 r.
302 867 351 929 36.
375 865 512 949 Theogn.
537 867 603 929 eod.
628 865 665 945 Ο,
681 865 781 946 Plato,
805 885 916 930 omnes
940 868 1037 930 ceteri
1058 866 1126 930 fere
1150 868 1210 950 qui

140 971 248 1034 looum
281 973 421 1056 allegant
455 973 615 1060 σομμιγῇς
652 972 718 1056 (vel
752 973 931 1061 συμμιγὴς),
973 978 1084 1037 contra
1112 975 1208 1037 metri

138 1080 305 1141 rationem.
351 1078 487 1142 Rectum
519 1078 650 1162 praebet
672 1079 880 1160 Mutinensis,
907 1081 944 1142 in
975 1085 1109 1143 accentu
1138 1080 1208 1144 eolo

138 1184 249 1265 falsus
273 1188 478 1274 σομμισγηῖς.
524 1184 661 1249 Rectum
684 1188 779 1250 ctiam
802 1188 837 1248 in
860 1187 958 1250 altero
982 1185 1207 1270 Xenophontis

138 1289 208 1351 loco
244 1310 329 1354 unus
365 1293 475 1375 codex,
505 1315 569 1377 qua
598 1294 636 1356 de
665 1312 700 1355 re
722 1313 753 1354 r.
779 1292 862 1354 infra
884 1313 913 1375 p.
940 1292 989 1356 58.
1025 1287 1209 1382 σομμίσγγγς

139 1413 209 1457 esse
232 1415 338 1458 veram
364 1397 545 1480 lectionem,
567 1403 633 1462 n'on
650 1399 846 1486 σομμιχίίῇς,
870 1400 956 1481 quod
971 1400 1109 1483 Theogn.
1132 1399 1207 1472 libri

139 1499 312 1564 deteriores
331 1503 494 1586 exhibent,
513 1506 653 1569 ostendit
661 1505 797 1584 Theogn.
815 1526 843 1566 r.
863 1506 948 1567 1165
972 1509 1049 1582 Τοῖς
1064 1497 1229 1590 ἀγαθοῖς.

139 1600 298 1691 σι’·μμισγε
322 1613 353 1672 et
374 1609 508 1675 Homeri
531 1633 620 1676 usus.

244 1753 273 1794 v.
300 1734 448 1801 77-78.
484 1735 532 1801 De
554 1737 613 1822 leg.
637 1737 662 1818 Ι,
687 1735 750 1800 630
776 1739 812 1801 A.
859 1737 957 1803 Nulla
985 1739 1208 1824 discrepantia.

245 1877 276 1921 v.
301 1856 504 1925 435-438.
538 1861 845 1945 mennonium
869 1865 1087 1948 discrepantia.
1135 1862 1208 1939 Quo

138 1961 209 2025 looo
232 1962 393 2049 Bergkius
416 1970 535 2033 mirum
557 1971 592 2033 in
620 1971 752 2034 medum
780 1972 889 2033 utitur.
936 1971 1079 2034 Adnotat
1102 1971 1206 2034 enim:

139 2088 185 2149 „n
211 2068 387 2135 435—438
412 2076 510 2158 vulgo
535 2081 684 2160 separant
707 2097 726 2138 a
748 2076 1022 2158 praecedentibus
1050 2077 1107 2137 sed
1133 2095 1207 2154 per-

138 2175 241 2238 tinere
264 2177 304 2238 ad
329 2179 463 2241 eandem
487 2182 630 2262 elegiam,
647 2200 846 2262 quamquam
865 2181 1005 2260 graviter
1027 2179 1205 2255 immutata,

139 2280 230 2344 docet
263 2280 355 2344 Plato
391 2283 530 2347 Menone
552 2305 582 2367 p.
617 2287 658 2346 95
681 2284 723 2345 E:
769 2282 803 2345 ἐν
833 2273 944 2355 ίίλλοις
978 2277 1014 2341 δι’·
1040 2300 1074 2363 γε
1098 2269 1206 2363 ὀλίγον

137 2382 290 2471 μεταβὰς,
324 2384 354 2453 εἰ
382 2377 451 2478 δ’ἦν
478 2386 617 2478 ποιητὸν
644 2411 678 2452 σε
711 2383 839 2473 (φησίν)
869 2381 923 2448 καί
954 2379 1088 2449 ἔσθενον
1111 2377 1204 2473 άνδρί

138 2488 249 2580 νόημα,
274 2491 358 2580 λέγει
382 2520 457 2573 πως
487 2489 539 2559 ὅτι
563 2489 701 2570 πολλοὺς
727 2485 768 2554 dlv
793 2485 938 2573 μισθοὺς
964 2489 1022 2556 καί
1049 2488 1207 2577 μεγάλοις

108 2650 111 2661 .
138 2593 253 2686 ἔφερον
276 2597 305 2666 oi
333 2599 501 2685 δυνάμενοι
530 2604 622 2666 τοῦτο
644 2601 754 2664 ποιεῖν
776 2595 832 2662 καί
858 2587 981 2663 Odrror'
1003 2591 1043 2663 άν
1058 2597 1093 2680 ἐξ
1126 2590 1206 2684 άγα-

135 2707 200 2770 eoo
224 2756 358 2772 .....
383 2699 471 2794 ἄνδρ’
495 2699 630 2792 ἀγαθόν.
675 2705 790 2789 Itaque
814 2705 983 2788 scripserat
1005 2711 1110 2788 poeta:

229 2823 304 2895 οὐδ’
318 2824 582 2921 Ἀσκληπιάδαις
606 2827 700 2896 rodco
723 2826 854 2916 γ’ίὸιοκε
877 2824 956 2906 θεὸς

228 2931 348 3002 idaliae
378 2933 542 3027 κακότητα
565 2936 620 3004 καί
647 2930 768 3027 άεηράς
791 2933 909 3024 ιγρένας
932 2927 1065 3022 ἀνδρῶν.
1093 3014 1106 3041 α

226 3143 256 3212 εί
280 3139 349 3239 δ’ἦν
371 3148 510 3240 frotardo
533 3175 568 3216 τε
591 3148 647 3216 καὶ
671 3146 804 3215 dedecor
827 3141 920 3236 άνὸρί
945 3144 1056 3236 νόημα,

227 3252 366 3335 πολλοὺς
389 3252 429 3323 dr
450 3254 595 3342 μισθοὺς
618 3255 674 3323 καὶ
697 3252 854 3342 μεγάλοις
876 3252 990 3344 ίίγερον

227 3458 360 3534 παλίντον’
385 3465 425 3535 dv
448 3469 483 3552 ἐξ
504 3463 632 3557 άγαῖίοῦ
654 3469 721 3535 κτλ.

140 3611 227 3694 quod
248 3610 355 3676 firmat
378 3614 539 3678 Aristotel.
569 3613 653 3697 (Eth.
676 3612 746 3676 Nic.
771 3611 812 3693 X,
838 3613 870 3674 9:
903 3605 933 3674 εί
962 3609 1021 3692 μὲν
1050 3600 1104 3677 σίν
1126 3601 1209 3701 ἦσαν

139 3715 169 3785 ol
194 3714 283 3802 λόγοι
315 3715 486 3806 αὐτάρκεις
520 3716 604 3806 πρὸς
626 3715 664 3785 τὸ
693 3721 834 3808 ποιῆσαι
869 3714 1036 3794 ἕπιεινεῖς,
1070 3716 1210 3798 πολλοὺς

140 3819 180 3889 dv
219 3819 363 3904 μισθοὺς
400 3824 456 3891 καὶ
496 3822 653 3912 μεγάλους
692 3821 831 3901 δικαίως
871 3819 986 3910 ἔφερον
1029 3821 1113 3890 κατὰ
1152 3822 1210 3892 τὸν

143 3927 285 4015 Θέογνιν,
305 3930 361 3997 καί
377 3929 441 3998 ἔδει
461 3927 501 3998 άν
521 3929 648 4010 εοίπονς
663 3930 884 4018 πορίσασθαι.
932 3929 992 3994 Otr.
1005 3930 1089 3996 Mus.
1106 3931 1208 3996 Rhen.

137 4037 171 4100 Τ.
195 4038 253 4118 ΙΙΙ,
277 4061 305 4123 p.
334 4042 426 4104 4099
472 4040 545 4105 Hoc
574 4038 679 4103 Musei
707 4038 853 4102 Rhenani
890 4056 986 4121 quem
1022 4038 1112 4102 affert
1137 4039 1208 4102 loco
