2692 4576
617 277 655 342 61

214 486 242 528 τ.
267 467 349 528 432.
398 465 518 541 Quaest
540 465 619 528 Plat.
648 466 680 540 l,
705 467 733 529 3.
754 456 788 528 οὗ
811 459 872 550 γὰρ
894 460 1012 551 μικρὸν
1036 455 1074 553 ἦν
1096 455 1173 552 ὅρτ-

106 573 160 649 tor
183 571 250 636 κτλ.
297 571 336 636 V.
361 593 391 655 p.
419 573 469 634 57.
493 609 534 618 -

215 700 244 741 v.
267 679 353 741 472.
378 678 452 762 Non
475 698 569 762 posse
592 682 735 744 suaviter
757 679 824 739 vivi
851 679 1031 743 secundum
1054 679 1173 763 Epicu-

107 806 182 849 rum
207 783 257 846 21.
304 786 427 871 πρᾶγμ’
462 806 520 868 pro
554 787 648 874 χρῆμ’
684 792 721 850 ut
759 787 962 867 Aristotelea
1001 807 1030 848 v.
1062 806 1091 869 p.
1122 789 1172 850 59.

108 892 303 956 Plutarchus
321 911 450 975 quoque
463 899 626 956 auctorem
639 893 788 957 Euenum
802 874 956 974 nominat,
973 894 1027 958 cfr.
1045 893 1121 956 ibid.
1131 931 1174 939 —-

214 1019 245 1061 v.
281 999 719 1064 719-724.vit.8010n.
758 1001 786 1062 2.
820 998 942 1062 Locum
978 1001 1112 1063 tractavi
1144 1021 1173 1083 p.

109 1104 153 1168 48
173 1125 241 1188 sqq.
267 1143 308 1149 -

324 1209 394 1273 Dio
419 1209 719 1293 Chrysostomus.

218 1339 247 1380 v.
272 1319 345 1379 432
369 1318 393 1397 l,
417 1338 445 1400 p.
471 1320 489 1380 2
514 1320 561 1382 ed.
585 1319 691 1383 Reisk.
725 1311 760 1384 oi·
784 1314 844 1405 γὰρ
874 1308 939 1396 οὖν,
966 1311 1010 1394 ὥς
1033 1311 1175 1405 φησινὸ

112 1420 253 1514 ποιητὴς
276 1424 343 1488 κτλ.
391 1423 428 1487 V.
453 1445 550 1508 supra
572 1446 601 1508 p.
628 1428 677 1489 57.

326 1531 462 1594 Aelius
485 1529 705 1614 Dionysius.

218 1660 248 1701 v.
274 1636 350 1700 621
387 1641 422 1701 in
454 1640 530 1702 Aldi
562 1639 699 1703 Manutii
734 1638 841 1703 Cornu
874 1639 990 1723 Copiae
1022 1638 1096 1719 Li
1128 1637 1177 1721 (in

113 1747 200 1810 Aelii
218 1745 300 1809 libro
318 1743 395 1831 περὶ
412 1737 555 1810 ἆκλίτων
578 1742 753 1834 ῥημάτιον).
778 1747 815 1808 A.
843 1745 926 1808 1877
952 1766 1035 1808 nova
1058 1746 1177 1828 prodiit

113 1853 197 1917 Aelii
231 1852 307 1916 libri
345 1852 441 1915 editio
475 1852 611 1916 Traiecti
649 1853 689 1915 ad
726 1851 891 1930 Rhenum,
926 1873 945 1915 a
981 1851 1177 1916 ‘Schwartaio

116 1963 234 2022 curata.
279 1959 430 2022 Attamen
467 1979 527 2024 neo
563 1967 610 2036 est
641 1963 676 2023 in
700 1959 953 2043 Regiomontana
987 1957 1178 2021 bibliotheca

118 2065 207 2147 regia
228 2065 279 2128 hio
301 2065 431 2130 libellus
455 2086 515 2130 nec
538 2069 642 2150 potuit
665 2069 856 2151 comparari,
879 2085 951 2129 cum
983 2065 1090 2127 omnia
1112 2065 1178 2126 iam

121 2171 189 2234 eius
212 2173 406 2254 exemplaria
422 2173 586 2237 divendita
609 2179 723 2238 essent.
754 2175 869 2258 ltaque
885 2193 960 2236 oum
976 2172 1058 2235 illud
1082 2172 1178 2235 etiam

119 2277 268 2340 volumen
290 2279 326 2340 in
342 2278 532 2343 bibliotheca
550 2282 682 2362 deesset,
705 2283 812 2364 ipsum
827 2282 936 2344 locum
959 2299 1025 2342 non
1041 2279 1178 2361 inspexi.

117 2381 179 2446 Sed
196 2385 365 2467 exscripsit
381 2405 456 2449 eum
473 2386 715 2452 Scheidewinus
731 2390 765 2451 in
781 2387 926 2468 Delectm
950 2387 1004 2450 cui
1020 2383 1180 2448 confidere

115 2488 240 2552 licebit:
269 2485 314 2554 Τὸ
337 2484 422 2555 ἀπίω
447 2489 610 2558 σύνθετον·
634 2495 710 2572 Πᾶς
733 2519 784 2572 τις
807 2490 964 2559 πλούσιον
987 2481 1090 2576 ἄνδρα
1114 2491 1179 2578 τιᾷ·

116 2586 204 2660 ἀνιεῖ
244 2595 280 2660 δὲ
319 2596 484 2686 πενηχρόν.
546 2601 741 2686 Corruptelis
771 2603 869 2686 igitur
895 2599 1025 2663 laborat.
1072 2599 1117 2660 nt
1147 2599 1179 2660 in

114 2701 297 2786 Theognide
320 2711 404 2769 recte
432 2704 492 2771 τίει
517 2745 558 2754 -
583 2705 741 2795 πενιχρὸν.
765 2746 808 2754 -

181 2885 183 2889 y
331 2809 603 2897 Diogenianus.

225 2937 254 2981 v.
282 2918 368 2982 153.
415 2921 508 2984 Prov.
534 2924 563 2992 8.
587 2923 628 2984 22
652 2925 696 3004 (in
721 2922 952 2986 Schneidewin.
978 2924 1009 2982 et
1031 2917 1179 2982 Leutsoh.

116 3024 324 3106 paroemiogr.
353 3028 413 3090 vol.
442 3027 487 3113 l):
532 3025 642 3094 Τίκτει
671 3052 718 3093 τοι
751 3025 845 3115 κόρος
867 3022 960 3114 ὕβριν
989 3017 1067 3090 ὅταν
1090 3023 1181 3108 κακῷ

117 3120 213 3214 ἀνδρί
237 3127 367 3220 παρείη·
398 3132 458 3197 ἕπτ’
485 3138 551 3199 τῶν
578 3140 648 3212 ταῖς
671 3129 832 3216 εὐτυχίαις
862 3129 1096 3218 ἐπαιρομένων.
1142 3129 1183 3192 ln

117 3232 300 3319 Theognide
324 3258 438 3304 versus
462 3241 513 3304 hic
537 3250 599 3307 est:

282 3340 390 3409 'liutet
418 3372 467 3412 τοι
494 3344 588 3435 κόρος
609 3344 709 3435 lippia,
728 3344 805 3415 ὅταν
828 3349 919 3434 κακῷ
941 3336 1037 3428 ὄλβος
1060 3342 1183 3430 ἕπηται

279 3442 451 3538 ἀνθρώπῳ
475 3455 541 3519 κτλ.
1023 3517 1026 3524 .

119 3553 267 3620 Clemens
291 3563 398 3622 autem
423 3562 666 3628 Alexandrinus
690 3565 889 3628 simillimum
914 3579 1044 3623 versum
1073 3557 1184 3621 Soloni

118 3661 231 3726 tribuit
254 3663 382 3747 (Strom.
401 3666 454 3748 Vl,
470 3691 499 3752 p.
521 3671 608 3751 740);
635 3667 778 3748 Σόλωνος
802 3666 838 3733 δέ
854 3663 1061 3756 ποιήσαντος·
1079 3659 1183 3727 τίκτει

95 3765 179 3857 γὰρ
202 3767 296 3856 κόρος
318 3769 410 3859 ὓβριν
442 3770 520 3840 ὅταν
551 3773 670 3854 πολὺς
703 3767 795 3860 ὄλβος
825 3773 960 3860 ἕπηται,
993 3759 1183 3854 evirant-gb

123 3873 257 3962 Θέογνις
275 3877 401 3968 γράφετ’
418 3879 520 3947 τίκτει
549 3909 596 3948 τοι
623 3879 717 3969 κόρος
739 3877 832 3970 ὕβριν
858 3875 936 3946 ὅταν
958 3878 1065 3961 κακῷ
1089 3866 1183 3958 ὄλβος

119 3979 251 4071 ἕπηται.
299 3986 468 4053 Praeterea
505 4011 618 4055 versus
656 3989 880 4075 Theognideus
918 3989 952 4050 in
992 3987 1110 4052 scholio
1143 3985 1184 4048 ad

119 4088 213 4158 Pind.
240 4093 287 4156 Ol.
312 4094 402 4173 XIII,
428 4098 467 4158 12
498 4098 629 4162 affertur
652 4104 689 4161 ut
716 4097 920 4161 Homericus.
968 4097 1062 4162 Unde
1085 4095 1184 4179 Berg-
