2692 4576
670 244 711 308 74

130 426 219 491 -vol
245 427 302 503 ΙΙ).
339 447 368 492 v,
400 427 463 490 175
498 424 558 518 χρὴ
593 424 708 517 πενίην
742 451 772 495 v.
805 452 835 515 p.
862 432 901 495 12
926 453 994 517 sqq.
1040 430 1225 525 μεγακήτεα

148 552 187 619 ἵν.
210 553 241 616 p.
267 534 317 599 13.

372 676 642 742 Theodoretus

264 801 295 846 v.
312 780 355 842 77
363 783 468 848 -78,
491 783 601 848 Graec.
616 784 715 848 affect.
727 791 826 849 curat.
840 787 886 850 ed.
899 786 1054 851 Gaisford.
1067 786 1092 866 Ι,
1105 787 1156 866 13,
1170 791 1225 855 42.

158 906 188 949 v.
215 887 254 948 77
279 887 396 973 χρεαοῦ
418 887 475 953 καὶ
499 910 556 973 pro
580 893 695 977 χρεσοῦ
715 914 751 955 τε
773 889 829 956 καὶ
850 900 897 973 †‚
915 893 1054 957 deterius
1071 913 1112 958 ex
1128 899 1226 961 metri

158 995 288 1060 ratione.
324 994 362 1059 In
380 997 490 1060 eodem
511 1016 610 1061 versu
629 1017 686 1081 pro
707 989 949 1082 ἆνπερῦσασθαι
972 993 1225 1087 ἆνεαρύσασθαι

158 1101 243 1182 quod
266 1102 348 1164 nihil
371 1105 502 1166 omnino
527 1109 584 1169 est.

264 1229 294 1269 v.
320 1209 530 1275 rra-rto.
555 1210 701 1292 maxi,
728 1212 800 1293 153,
815 1212 866 1278 41.
884 1233 913 1276 v.
929 1214 991 1275 175
1015 1210 1074 1304 χρὴ
1098 1213 1228 1306 πενίην,

157 1335 186 1376 v.
210 1334 239 1396 p.
265 1316 314 1376 12.
338 1312 529 1404 μεγακήτεα,
553 1338 582 1380 V.
605 1338 634 1400 p.
661 1319 710 1380 13.
734 1354 777 1363 -·

265 1442 293 1485 v.
314 1422 524 1486 ras-rar.
548 1423 625 1488 roro.
650 1424 690 1505 u,
708 1425 758 1504 u,
784 1425 833 1488 15.
849 1425 888 1487 u.
906 1447 934 1509 p.
948 1425 990 1489 aa
1012 1448 1080 1512 sqq.
1104 1449 1133 1492 v.
1156 1427 1228 1495 425

157 1522 293 1591 πάντων
326 1533 363 1590 ut
396 1530 430 1591 in
460 1529 655 1612 Theognido³
679 1551 707 1593 r.
738 1551 768 1613 p.
803 1529 844 1593 32
870 1553 937 1616 sqq.
968 1571 1011 1580 —
1036 1556 1064 1598 r.
1093 1537 1157 1599 426
1189 1543 1227 1602 ut

66 1687 69 1691 ,
158 1635 304 1701 Clemens
329 1635 446 1724 ἐσορᾶν
468 1657 525 1721 pro
549 1634 672 1700 ἐσιδεῖν
698 1645 743 1719 †.
768 1675 812 1682 —

287 1839 290 1842 .
372 1779 497 1844 Orion.

263 1909 291 1951 r.
319 1888 536 1950 ill-142.
576 1888 770 1971 Anthologn.
795 1887 835 1969 V,
861 1889 900 1950 15
930 1888 1025 1969 (Stob.
1050 1890 1099 1954 ed.
1124 1889 1226 1954 Mein.

155 1994 204 2057 IV
226 2017 256 2079 p.
283 1995 369 2077 256).
393 2016 422 2057 v.
446 1995 507 2056 142
531 2015 588 2078 pro
615 1991 690 2058 acob
715 1992 751 2058 δὲ
774 1994 859 2077 apud
876 1993 984 2059 Orion.
1010 1991 1045 2078 οἳ
1065 1994 1109 2076 δὲ,
1135 1999 1224 2080 quod

156 2104 322 2192 cumipse
346 2101 486 2165 scribere
509 2121 575 2164 non
599 2103 747 2184 potuerit,
770 2121 846 2164 nam
869 2102 949 2164 titul.
967 2102 999 2162 V
1021 2103 1058 2167 de
1082 2104 1141 2168 deo
1165 2111 1226 2187 est,

155 2207 361 2271 librariorum
397 2209 560 2271 socordiae
592 2207 800 2270 tribuendum
838 2215 898 2287 est,
929 2215 965 2272 ut
997 2213 1082 2272 recte
1112 2218 1224 2274 monet

155 2313 322 2397 Bergkius.
369 2314 412 2376 At
436 2312 700 2376 Schneidewinus
728 2315 762 2376 in
791 2313 972 2379 Coniectan.
1002 2317 1081 2397 crit,
1103 2315 1159 2378 ubi
1187 2322 1222 2380 et

154 2422 224 2503 ipse
249 2421 565 2504 antholognomicum
589 2420 704 2495 edidit,
728 2440 758 2502 p.
784 2421 835 2482 82.
860 2423 902 2484 83
927 2428 1037 2485 contra
1065 2421 1223 2486 iudicarit

156 2526 307 2592 Orionem
338 2533 517 2592 monstrare
550 2528 632 2589 male
656 2528 815 2590 coaluisse
838 2527 920 2590 illud
954 2529 1113 2594 distichon
1145 2547 1222 2592 oum

153 2637 359 2719 praegressis
383 2656 401 2698 a
425 2635 543 2718 quibus
568 2634 800 2716 diiungendum
824 2644 915 2697 essct.
961 2634 1030 2710 Qua
1054 2635 1093 2699 do
1114 2635 1225 2700 falsis-

155 2743 238 2805 sima
262 2743 421 2806 sententia
445 2740 592 2824 pluribus
617 2740 772 2804 disserere
795 2741 1012 2823 supersedeo:
1038 2760 1133 2805 nemo
1156 2743 1225 2806 iam

155 2848 323 2931 dubitabit,
348 2851 427 2932 quin
451 2850 479 2911 si
501 2849 678 2911 invenisset
702 2845 800 2910 Orion
823 2848 858 2908 in
881 2846 1063 2929 Theognide
1088 2842 1128 2928 οἳ,
1152 2849 1226 2932 ipse

152 2946 230 3018 ’θεοὶ
252 2954 349 3018 fuerit
372 2955 612 3019 substituturus.
637 2992 679 3000 ·-

261 3082 290 3123 v.
312 3063 380 3123 117
391 3063 575 3125 9--1180,
600 3061 659 3142 ΙΙΙ,
680 3063 697 3122 5
719 3059 917 3145 (Meinibid.
933 3061 1061 3145 p.253).
1085 3081 1115 3127 v,
1135 3062 1225 3126 1180

154 3167 190 3228 in
213 3167 396 3252 Theognide
420 3164 516 3255 εἴργει
541 3164 625 3255 μήθ’
650 3165 754 3255 ἕρδειν
768 3163 849 3256 μήτε
865 3163 968 3251 λέγειν
986 3157 1097 3254 ἀσεβῆ,
1121 3166 1225 3233 Orion

154 3267 211 3359 εἶ’ρ.
234 3269 316 3362 μήτε
351 3279 478 3340 παθεῖν
511 3271 592 3364 μήτε
630 3271 733 3359 λέγειν
762 3266 821 3338 cio(
842 3279 874 3344 -Ι-
910 3275 1122 3356 ineptissime,
1146 3293 1228 3341 nam

153 3382 282 3443 παθεῖν
305 3387 336 3445 et
358 3379 461 3467 λέγειν
485 3383 602 3465 opponi
625 3400 690 3443 non
713 3386 858 3464 possunt.
883 3418 926 3426 -

260 3487 456 3570 Sequeretur
478 3490 543 3551 iam
567 3486 767 3568 Stobaeus,
792 3505 887 3570 quem
906 3488 1047 3569 primum
1071 3489 1227 3551 tractavi·

155 3613 228 3656 mus
251 3615 280 3678 p.
307 3595 324 3654 7
350 3615 417 3678 sqq.
443 3631 484 3641 -

365 3736 559 3800 Maximus
584 3735 801 3799 Confessor.

151 3910 154 3917 ,
259 3862 288 3905 v.
314 3845 545 3907 523—524.
584 3842 625 3924 ΙΙ,
651 3842 723 3904 572.
768 3861 798 3903 v.
824 3842 887 3904 523
915 3837 991 3904 doci
1015 3861 1073 3925 pro
1096 3839 1225 3929 βροτοὶ,

152 3950 264 4014 sensui
288 3949 453 4015 absonum.
478 3985 519 3995 —

259 4076 287 4120 v.
313 4055 543 4122 ooo-606.
566 4057 608 4141 Π,
634 4057 706 4121 613.
753 4054 854 4119 Nulla
877 4053 1101 4140 discrepantia.
1126 4097 1169 4109 -
