2692 4576
658 267 700 332 54

135 456 206 518 loco
238 455 302 517 nisi
332 475 390 536 pro
421 452 455 518 ἐν
490 456 632 531 συνετοῖς
659 455 867 518 coniecerunt
898 448 1080 534 εῧξιπνέτοις.
1128 452 1203 529 Qua

136 580 213 625 vero
250 561 388 625 lectione
427 562 495 624 sola
529 558 563 624 ἒν
599 561 844 644 praepositionis
884 561 1016 624 molesta
1053 562 1203 643 repetitio

137 667 272 748 tollitur,
295 671 398 730 cetera
422 672 554 730 manent
577 667 692 729 omnia.
734 666 802 730 Nec
825 659 983 747 εὐξύνετος
1005 671 1090 752 apud
1113 670 1202 734 Stob.

138 792 180 837 ex
203 765 377 854 εὗξυνέτοις
400 779 587 857 corruptum
618 778 681 853 est,
705 773 791 854 quod
823 775 1088 858 existimandum,
1110 777 1203 840 illam

138 881 295 943 rationem
327 881 355 944 si
378 881 536 962 sequeris3
576 879 661 960 quod
690 879 925 944 demonstratur
947 883 981 944 in
1014 883 1204 946 hexametro

139 987 296 1070 singulari
334 977 449 1071 ἀνδρὸς
482 1005 539 1068 pro
574 977 702 1071 ἀνδρῶν
732 988 848 1070 posito:
887 989 940 1051 vel
971 980 1097 1074 ἀνδρῶν
1125 1010 1202 1053 cum

138 1094 285 1176 ineptum
313 1093 355 1156 sit
382 1096 510 1176 propter
532 1089 566 1155 ἐν
589 1095 732 1169 συνετοῖς
754 1094 806 1157 vel
833 1084 1019 1174 εὗξυνέτοις,
1043 1097 1204 1181 singula-ri

139 1191 256 1285 ἀνδρός
287 1205 414 1282 accepto
445 1200 536 1262 locus
570 1200 698 1282 penitus
739 1201 969 1282 corrumpitur,
1006 1203 1095 1266 iusta
1126 1224 1204 1268 con·

140 1306 272 1368 structio
296 1307 425 1369 tollitur.
470 1306 581 1388 ipsum
606 1297 763 1385 εὖξύνετος
784 1326 884 1388 prava
907 1309 1093 1374 coniectura
1116 1312 1204 1376 vide-

139 1416 202 1474 tur.
248 1410 339 1474 Nihil
361 1413 461 1494 igitur
484 1412 662 1474 adiumenti
685 1411 774 1474 affert
805 1412 846 1474 ad
869 1417 1062 1480 sententiam
1086 1437 1204 1482 sanan-

140 1517 214 1579 dam
238 1515 365 1580 Stobaei
388 1518 480 1580 locus
503 1519 571 1599 ipse
594 1504 858 1599 corruptissimus
882 1521 951 1584 sive
987 1525 1204 1607 compilatoris

140 1623 236 1707 culpa
259 1624 326 1686 sive
348 1623 561 1688 librariorum.
607 1623 650 1687 Et
672 1625 730 1686 vix
752 1644 843 1708 spero
871 1626 939 1690 fore
971 1634 1007 1692 ut
1030 1631 1205 1714 aliquando

140 1731 232 1794 locus
266 1732 445 1795 miserrime
483 1731 630 1795 foedatus
658 1733 693 1794 iu
724 1733 888 1818 integrum
921 1737 1122 1800 restituatur:
1163 1757 1203 1802 ex

141 1839 271 1902 maioris
305 1838 445 1903 ambitus
476 1843 619 1905 carmine
652 1862 728 1906 cum
761 1841 991 1921 detraheretur,
1025 1850 1091 1907 tam
1121 1845 1205 1908 male

141 1945 305 2008 mulcatus
328 1946 459 2010 videtur
482 1966 565 2030 esse,
587 1953 624 2013 ut
646 1951 717 2014 veri
744 1968 785 2012 ne
808 1950 979 2032 vestigium
1003 1950 1135 2032 quidem
1157 1969 1205 2013 re-

142 2053 303 2114 manserit.
328 2051 379 2114 lox
395 2055 540 2119 virorum
558 2057 726 2120 doctorum
742 2074 876 2118 numero
900 2057 1060 2136 corruptio
1085 2061 1207 2133 quanta

142 2161 226 2220 esset
249 2158 325 2220 satis
349 2159 433 2224 clare
456 2181 551 2225 nemo
575 2163 702 2224 videtur
725 2161 872 2222 sensisse.
896 2193 939 2203 —

251 2261 370 2327 Omnes
402 2268 467 2331 iam
504 2268 589 2330 locos
628 2267 684 2346 qui
716 2263 802 2344 apud
830 2261 1001 2323 Stobaeum
1029 2265 1204 2322 occurrunt

144 2369 364 2454 Theognideos
380 2374 586 2437 contulimus.
612 2368 700 2443 Quos
713 2368 740 2430 si
756 2368 875 2427 cursim
892 2363 1136 2445 perlustramus,
1148 2364 1204 2427 ad-

142 2477 347 2541 mirationem
371 2486 478 2542 movet
500 2493 695 2560 permagnus
728 2469 1015 2551 discrepantiarum
1039 2489 1204 2535 numerus.

143 2583 210 2646 Vix
234 2585 311 2648 huic
335 2590 366 2647 et
387 2585 435 2646 illi
462 2584 532 2646 loco
565 2576 810 2660 discrepantiam
839 2594 906 2638 non
929 2595 1000 2640 esse
1022 2580 1126 2660 potuit
1149 2578 1205 2640 od-

146 2691 251 2755 scribi.
298 2689 360 2753 Sed
385 2693 536 2770 quattuor
567 2689 694 2747 tantum
724 2688 814 2748 tanta
836 2685 872 2746 in
896 2684 1102 2747 multitudine
1125 2685 1205 2749 locis

143 2801 312 2864 lectionem
332 2793 522 2859 Stobensem
545 2791 786 2874 praeferendam
809 2811 879 2855 esse
902 2792 1057 2855 vidimus:
1085 2811 1111 2854 v.
1141 2792 1203 2852 157

144 2896 252 2981 ἄλλως
274 2921 330 2985 pro
355 2888 451 2982 iiilp,
475 2918 505 2959 V.
530 2899 593 2961 457
619 2895 784 2985 σύμφορόν
807 2896 878 2961 ἐστι
902 2917 959 2980 pro
984 2893 1131 2984 σῦμᾳρον
1154 2893 1205 2959 ἔν-

143 3032 223 3088 εστι,
248 2999 410 3094 σὺμφερὸν
433 3001 504 3068 ἐστι
529 3008 675 3071 codicum
697 3007 847 3088 Theogn,
879 3025 909 3069 v.
936 3003 999 3067 636
1025 2999 1060 3069 οἳ
1079 3023 1135 3087 pro
1160 2997 1205 3083 ob,

143 3138 174 3180 x.
202 3116 287 3178 1135
312 3105 508 3199 ἀνθρώποις
529 3108 630 3200 μούνη
652 3133 709 3197 pro
733 3103 947 3197 ἀνθρώποισι
971 3106 1061 3197 μόνη.
1117 3108 1206 3184 Quae

144 3229 252 3286 tamon
277 3222 385 3284 omnia
407 3221 442 3282 in
459 3239 593 3284 censum
611 3238 678 3281 non
693 3220 838 3298 veniunt,
861 3237 936 3280 oum
956 3217 1080 3280 facilior
1096 3236 1207 3279 corum

145 3330 187 3392 sit
210 3327 390 3391 emendatio
415 3347 512 3409 quam
536 3332 573 3390 ut
597 3325 637 3388 ad
660 3323 832 3388 Stobaeum
856 3323 1027 3407 confugere
1051 3344 1132 3407 opus
1157 3325 1207 3387 sit.

145 3433 274 3498 Ceterae
298 3452 408 3496 omnes
432 3434 600 3496 varietates
622 3431 821 3495 revocandae
853 3450 917 3512 qua
944 3431 983 3492 ad
1014 3432 1076 3493 tria
1099 3436 1208 3494 nostra

144 3541 363 3603 mutationum
387 3559 515 3622 genera..
539 3558 622 3622 quae
645 3543 711 3600 tam
734 3537 920 3619 frequenter
943 3537 1027 3619 apud
1056 3556 1131 3600 eum
1155 3557 1207 3600 oc-

145 3651 290 3727 currunt,
325 3652 362 3709 ut
394 3647 498 3709 omnis
529 3644 723 3709 lectionibus
747 3643 929 3726 deroganda
952 3644 1125 3706 auctoritas
1157 3645 1207 3725 sit,

146 3773 210 3836 que.
245 3752 285 3815 ad
320 3753 525 3815 librariorum
559 3753 595 3814 in
632 3750 767 3815 Stobaeo
807 3750 984 3812 maximam
1019 3750 1206 3813 socordiam.

144 3858 238 3923 Locis
269 3879 344 3923 vere
377 3858 562 3922 difficilibus
596 3876 654 3940 ope
686 3857 756 3919 eius
788 3857 975 3936 deserimur,
1006 3863 1043 3919 ut
1072 3877 1101 3917 r.
1132 3855 1207 3919 620.

147 3967 220 4031 639.
246 3968 317 4030 723.
343 3966 415 4031 724.
443 3963 537 4028 1032.
564 3964 657 4026 1163.
685 3961 778 4023 1164.
825 3961 943 4024 Contra
965 3981 1117 4046 persaepe
1136 3962 1207 4026 Sto·

145 4074 261 4138 benses
291 4075 445 4136 lectiones
480 4077 644 4154 tantopere
680 4068 850 4133 mendosae
883 4076 966 4150 sunt,
999 4075 1036 4132 ut
1059 4069 1208 4132 codicum
