2692 4576
657 269 713 338 73,

140 458 230 521 codd.
272 447 385 539 otuelgj
409 455 488 519 roffi
542 438 693 519 Eandem
718 460 912 522 sententiam
937 456 1119 521 secundum
1141 440 1205 520 tra-

137 566 278 628 laticiam
317 563 355 625 de
389 563 467 624 locis
500 562 640 625 laudatis
681 563 888 627 falsissimam
925 565 1109 648 opinionem
1127 571 1136 614 ί
1147 544 1211 647 pro

140 672 216 735 tulit
248 669 290 732 H.
319 668 543 732 Schneidewin
572 666 621 731 De
654 670 725 749 syll.
757 669 895 753 Theogn.
929 691 958 753 p.
997 669 1046 734 12.
1101 670 1204 734 Immo

139 777 283 859 genuina
320 775 414 839 lectio
451 781 576 838 servata
614 776 743 840 ridetur
784 796 883 840 versu
920 777 996 856 209,
1037 781 1205 860 propterea

140 883 228 966 quod
255 883 307 944 hio
340 883 455 966 copula
488 882 577 945 deest
609 888 640 946 et
674 879 728 948 τοί
762 883 920 967 particula
955 887 1112 967 usurpata
1147 889 1204 948 est.

139 990 179 1054 V.
195 1010 225 1073 p.
243 988 293 1053 22.
321 979 377 1052 oia
400 983 491 1051 ἔστιν
513 988 607 1052 lectio
632 991 676 1053 ita
700 996 769 1054 orta
792 995 848 1070 est,
865 996 902 1053 ut
918 990 958 1053 ad
977 991 1205 1074 simpliciorem

139 1099 305 1180 magisque
329 1095 456 1158 solitam
483 1095 638 1177 loquendi
669 1098 826 1160 rationem
853 1097 952 1160 rerba
984 1096 1204 1160 accommoda·

140 1208 261 1268 rentur.
308 1199 523 1276 Quamobrem
548 1203 644 1264 etiam
668 1203 756 1285 apud
780 1202 977 1279 Clementem
996 1205 1144 1266 occurrit.

247 1330 276 1372 ν.
301 1308 519 1370 das-1427.
545 1307 574 1386 6,
602 1309 673 1371 745.
705 1308 744 1372 V.
768 1330 798 1392 p.
825 1309 865 1372 36
891 1329 959 1392 sqq.
984 1330 1014 1373 ν.
1031 1309 1204 1375 sacurem.

140 1412 283 1495 πάντων,
307 1416 401 1478 utin
424 1413 614 1497 Theognide,
638 1435 668 1477 ν.
691 1435 720 1498 p.
747 1415 788 1478 32
813 1436 881 1498 sqq.
908 1454 948 1462 —
974 1413 1204 1480 1426016111.

140 1519 263 1608 ἐσορᾶν,
286 1520 361 1583 libri
383 1520 521 1603 Theogn.
546 1517 676 1584 ἐσιδεῖν.
703 1532 750 1595 -Ι-.

245 1649 275 1691 v.
304 1629 516 1692 dor-458.
547 1626 575 1704 6,
612 1629 684 1691 745.
709 1649 738 1691 v.
764 1629 827 1690 457
857 1623 1015 1716 χρήσιμόν
1041 1649 1098 1712 pro
1127 1625 1205 1712 σύμ-

139 1730 240 1822 qoqdv
259 1742 305 1810 †.
330 1732 384 1797 νέα
408 1728 482 1822 γυνὴ
504 1753 562 1817 pro
587 1729 661 1820 γυνὴ
687 1731 741 1797 νέα
770 1740 814 1801 ·Ι·.

246 1861 276 1903 v.
303 1841 512 1903 509—510.
538 1838 566 1919 6,
594 1840 665 1902 742.
690 1861 720 1904 v.
736 1839 800 1902 509
816 1836 922 1918 κακὸς.
949 1862 977 1907 v,
1005 1841 1067 1904 510
1087 1837 1205 1906 κακὸν-

141 1936 276 2030 ἷνῖγαθὸν.
301 1945 339 2008 V.
363 1968 392 2030 p.
416 1945 467 2008 40.
498 1984 540 1992 —

355 2052 582 2135 Porphyrio.

247 2181 275 2222 v.
302 2142 510 2221 rus-rac.
544 2161 596 2223 nu
619 2160 728 2222 norat.
753 2161 842 2243 epist.
867 2159 891 2236 1,
918 2159 945 2239 1,
970 2158 1050 2242 451).
1086 2181 1114 2224 v.
1141 2160 1203 2223 175

136 2253 195 2354 χρὴ
229 2262 346 2355 πενίην
379 2288 408 2330 v,
439 2288 468 2350 p.
486 2266 544 2339 ‚12
577 2262 752 2354 spedyovrorg
782 2286 840 2350 pro
874 2262 1033 2355 φεύγοντα
1065 2270 1111 2352 -1,
1145 2273 1203 2352 βα-

140 2369 286 2460 θυκήτεα
309 2379 346 2437 ut
369 2372 572 2438 Mutinensis.

243 2501 272 2542 ν.
304 2480 366 2543 176
402 2476 529 2568 qeiyerv
560 2501 618 2565 pro
648 2484 779 2567 ῥιπτεῖν
809 2482 855 2563 ds.
890 2479 929 2542 In
966 2481 1073 2545 verbis
1101 2478 1204 2570 Κύρνε

39 2596 41 2600 “
138 2586 210 2650 acca'
235 2579 400 2673 ἠλιβάτων
424 2587 490 2650 cod.
515 2587 719 2651 Monacensis
743 2587 796 2669 (Μ,
822 2589 962 2670 optimus
985 2587 1075 2667 liber,
1106 2609 1204 2672 quem

136 2692 290 2784 Meyerus
315 2699 443 2757 secutus
467 2695 525 2774 est)
549 2694 643 2757 lertio
666 2714 799 2778 prorsus
824 2698 982 2776 corrupta.
1018 2694 1057 2757 V.
1082 2695 1203 2776 Meyer.

350 2799 555 2864 Eusebius.

132 2896 135 2908 '
243 2928 271 2968 ν.
302 2907 457 2970 77-78.
482 2907 629 2991 Pro-epar.
659 2927 771 2992 evang.
811 2910 874 2971 574
899 2929 915 2971 c
941 2909 1000 2991 (ed.
1027 2907 1201 2989 Dindorl.).

136 3013 234 3076 Nulla
258 3014 479 3096 discrepantia.

350 3119 525 3184 Basilius
549 3120 720 3205 Magnus,

242 3246 271 3288 ν.
299 3224 568 3289 1155-1156.
605 3226 690 3292 Orat.
717 3228 756 3291 de
779 3228 887 3310 gentil.
918 3227 1008 3291 libris
1039 3248 1113 3291 cum
1138 3249 1203 3293 usu

135 3333 280 3416 legendis
305 3333 352 3396 ed.
376 3333 419 3399 H.
449 3334 514 3397 Mai
548 3356 577 3418 p.
611 3336 659 3399 71.
686 3356 716 3400 ν.
745 3334 828 3397 1155
864 3353 921 3418 pro
958 3325 1024 3399 οὐδ’
1058 3325 1202 3418 εὔχομαι,

136 3441 221 3522 quod
247 3444 295 3504 est
317 3442 351 3502 in
374 3441 566 3524 Theognide,
592 3431 656 3506 οὔτ’
681 3431 812 3524 ε”ύχομαι
845 3455 889 3513 4.

348 3547 592 3612 Thenristius.

242 3673 272 3717 ν.
301 3652 457 3718 ull-80.
481 3676 511 3738 p.
539 3656 602 3717 323
627 3654 674 3717 ed.
699 3653 794 3718 Dind.
816 3652 915 3716 Nulla
939 3654 1159 3736 discrepantia.

350 3761 611 3844 Aphthonius,

243 3885 274 3930 r.
302 3865 518 3931 llo-176.
543 3867 717 3952 Progymn.
741 3890 770 3952 p.
797 3867 838 3930 26
864 3869 993 3953 (Speng.
1017 3864 1120 3932 Rhett.
1148 3868 1201 3933 Gr.

137 4025 350 4034 ——.——.—

244 4094 270 4164 1)
289 4082 452 4165 'nouusque
471 4098 547 4151 deest
565 4099 637 4166 apud
655 4097 760 4167 Bergk,
780 4097 891 4152 debetur
909 4097 1021 4152 Jordani
1038 4097 1202 4167 diligentiae.
