<?xml version="1.0" encoding="UTF-8"?>
<!DOCTYPE html PUBLIC "-//W3C//DTD XHTML 1.0 Transitional//EN"
    "http://www.w3.org/TR/xhtml1/DTD/xhtml1-transitional.dtd">
<html xmlns="http://www.w3.org/1999/xhtml" xml:lang="en" lang="en">
 <head>
  <title>
</title>
<meta http-equiv="Content-Type" content="text/html;charset=utf-8" />
  <meta name='ocr-system' content='tesseract 3.04.00' />
  <meta name='ocr-capabilities' content='ocr_page ocr_carea ocr_par ocr_line ocrx_word'/>
</head>
<body>
  <div class='ocr_page' id='page_1' title='image "./delocorumtheogn00cruegoog_0042.png"; bbox 0 0 2692 4576; ppageno 0'>
   <div class='ocr_carea' id='block_1_1' title="bbox 668 267 700 325">
    <p class='ocr_par' dir='ltr' id='par_1_1' title="bbox 668 267 700 325">
     <span class='ocr_line' id='line_1_1' title="bbox 668 267 700 325; baseline -0.031 0"><span class='ocrx_word' id='word_1_1' title='bbox 668 267 700 325; x_wconf 90' lang='lat' dir='ltr'>ll</span> 
     </span>
    </p>
   </div>
   <div class='ocr_carea' id='block_1_2' title="bbox 66 448 1219 1065">
    <p class='ocr_par' dir='ltr' id='par_1_2' title="bbox 66 448 1219 1065">
     <span class='ocr_line' id='line_1_2' title="bbox 267 448 1218 533; baseline 0.001 -21"><span class='ocrx_word' id='word_1_2' title='bbox 267 449 384 514; x_wconf 89' lang='lat' dir='ltr'>Hensii</span> <span class='ocrx_word' id='word_1_3' title='bbox 407 450 685 512; x_wconf 82' lang='lat' dir='ltr'>commentationis</span> <span class='ocrx_word' id='word_1_4' title='bbox 701 449 872 513; x_wconf 83' lang='lat' dir='ltr'>Stobaeum</span> <span class='ocrx_word' id='word_1_5' title='bbox 898 448 1116 533; x_wconf 75' lang='lat' dir='ltr'>compluribus</span> <span class='ocrx_word' id='word_1_6' title='bbox 1139 450 1218 513; x_wconf 85' lang='lat' dir='ltr'>locis</span> 
     </span>
     <span class='ocr_line' id='line_1_3' title="bbox 66 555 1218 640; baseline -0.002 -20"><span class='ocrx_word' id='word_1_7' title='bbox 66 567 69 575; x_wconf 80' lang='lat'>‘</span> <span class='ocrx_word' id='word_1_8' title='bbox 157 557 328 620; x_wconf 91' lang='lat' dir='ltr'>emendare</span> <span class='ocrx_word' id='word_1_9' title='bbox 339 556 504 620; x_wconf 78' lang='lat' dir='ltr'>studentis</span> <span class='ocrx_word' id='word_1_10' title='bbox 520 555 670 638; x_wconf 88' lang='lat' dir='ltr'>praefatio</span> <span class='ocrx_word' id='word_1_11' title='bbox 688 557 857 619; x_wconf 82' lang='lat' dir='ltr'>utilitatem</span> <span class='ocrx_word' id='word_1_12' title='bbox 873 556 964 620; x_wconf 88' lang='lat' dir='ltr'>affert</span> <span class='ocrx_word' id='word_1_13' title='bbox 984 576 1049 619; x_wconf 94' lang='lat' dir='ltr'>non</span> <span class='ocrx_word' id='word_1_14' title='bbox 1066 575 1218 640; x_wconf 89' lang='lat' dir='ltr'>spernen-</span> 
     </span>
     <span class='ocr_line' id='line_1_4' title="bbox 157 649 1219 746; baseline -0.003 -20"><span class='ocrx_word' id='word_1_15' title='bbox 157 663 242 726; x_wconf 89' lang='lat' dir='ltr'>dam:</span> <span class='ocrx_word' id='word_1_16' title='bbox 268 684 332 746; x_wconf 89' lang='lat' dir='ltr'>qua</span> <span class='ocrx_word' id='word_1_17' title='bbox 347 662 539 726; x_wconf 88' lang='lat' dir='ltr'>Bernhardti</span> <span class='ocrx_word' id='word_1_18' title='bbox 556 662 689 745; x_wconf 90' lang='lat' dir='ltr'>quidem</span> <span class='ocrx_word' id='word_1_19' title='bbox 703 649 835 725; x_wconf 79' lang='lat' dir='ltr'>iuventa</span> <span class='ocrx_word' id='word_1_20' title='bbox 850 665 965 746; x_wconf 92' lang='lat' dir='ltr'>repetit</span> <span class='ocrx_word' id='word_1_21' title='bbox 980 663 1055 744; x_wconf 79' lang='lat' dir='ltr'>fere,</span> <span class='ocrx_word' id='word_1_22' title='bbox 1071 663 1219 746; x_wconf 83' lang='lat' dir='ltr'>exempla</span> 
     </span>
     <span class='ocr_line' id='line_1_5' title="bbox 155 760 1218 852; baseline 0 -20"><span class='ocrx_word' id='word_1_23' title='bbox 155 774 263 833; x_wconf 89' lang='lat' dir='ltr'>tamen</span> <span class='ocrx_word' id='word_1_24' title='bbox 287 770 394 852; x_wconf 89' lang='lat' dir='ltr'>aliqua</span> <span class='ocrx_word' id='word_1_25' title='bbox 416 760 535 852; x_wconf 85' lang='lat' dir='ltr'>profert</span> <span class='ocrx_word' id='word_1_26' title='bbox 558 787 641 830; x_wconf 80' lang='lat' dir='ltr'>nova</span> <span class='ocrx_word' id='word_1_27' title='bbox 661 773 758 851; x_wconf 85' lang='lat' dir='ltr'>atque</span> <span class='ocrx_word' id='word_1_28' title='bbox 775 787 812 831; x_wconf 88' lang='lat' dir='ltr'>ea</span> <span class='ocrx_word' id='word_1_29' title='bbox 833 770 1005 852; x_wconf 84' lang='lat' dir='ltr'>aptissima,</span> <span class='ocrx_word' id='word_1_30' title='bbox 1028 771 1112 832; x_wconf 90' lang='lat' dir='ltr'>inter</span> <span class='ocrx_word' id='word_1_31' title='bbox 1135 788 1218 851; x_wconf 89' lang='lat' dir='ltr'>quae</span> 
     </span>
     <span class='ocr_line' id='line_1_6' title="bbox 153 873 1218 961; baseline -0.003 -22"><span class='ocrx_word' id='word_1_32' title='bbox 153 877 302 961; x_wconf 89' lang='lat' dir='ltr'>inprimis</span> <span class='ocrx_word' id='word_1_33' title='bbox 347 874 618 938; x_wconf 89' lang='lat' dir='ltr'>commemorandi</span> <span class='ocrx_word' id='word_1_34' title='bbox 649 873 814 956; x_wconf 83' lang='lat' dir='ltr'>Euripidis</span> <span class='ocrx_word' id='word_1_35' title='bbox 846 893 960 939; x_wconf 81' lang='lat' dir='ltr'>uersus</span> <span class='ocrx_word' id='word_1_36' title='bbox 994 877 1029 937; x_wconf 90' lang='lat' dir='ltr'>in</span> <span class='ocrx_word' id='word_1_37' title='bbox 1057 874 1165 959; x_wconf 83' lang='lat' dir='ltr'>Suppl.</span> <span class='ocrx_word' id='word_1_38' title='bbox 1189 896 1218 936; x_wconf 81' lang='lat' dir='ltr'>r.</span> 
     </span>
     <span class='ocr_line' id='line_1_7' title="bbox 155 979 987 1065; baseline -0.004 -20"><span class='ocrx_word' id='word_1_39' title='bbox 155 981 294 1045; x_wconf 78' lang='lat' dir='ltr'>ato-v.</span> <span class='ocrx_word' id='word_1_40' title='bbox 320 983 384 1045; x_wconf 87' lang='lat'>880</span> <span class='ocrx_word' id='word_1_41' title='bbox 409 982 583 1065; x_wconf 87' lang='lat' dir='ltr'>comparati</span> <span class='ocrx_word' id='word_1_42' title='bbox 606 1000 679 1043; x_wconf 91' lang='lat' dir='ltr'>cum</span> <span class='ocrx_word' id='word_1_43' title='bbox 702 979 787 1043; x_wconf 83' lang='lat' dir='ltr'>Stob.</span> <span class='ocrx_word' id='word_1_44' title='bbox 811 979 879 1043; x_wconf 88' lang='lat' dir='ltr'>flor.</span> <span class='ocrx_word' id='word_1_45' title='bbox 904 981 987 1062; x_wconf 61' lang='lat' dir='ltr'>toa.</span> 
     </span>
    </p>
   </div>
   <div class='ocr_carea' id='block_1_3' title="bbox 260 1087 785 1170">
    <p class='ocr_par' dir='ltr' id='par_1_3' title="bbox 260 1087 785 1170">
     <span class='ocr_line' id='line_1_8' title="bbox 260 1087 785 1170; baseline 0 -21"><span class='ocrx_word' id='word_1_46' title='bbox 260 1088 330 1150; x_wconf 90' lang='lat' dir='ltr'>Iam</span> <span class='ocrx_word' id='word_1_47' title='bbox 353 1089 394 1150; x_wconf 92' lang='lat' dir='ltr'>ad</span> <span class='ocrx_word' id='word_1_48' title='bbox 418 1087 547 1170; x_wconf 88' lang='lat' dir='ltr'>singula</span> <span class='ocrx_word' id='word_1_49' title='bbox 569 1091 785 1150; x_wconf 86' lang='lat' dir='ltr'>transeamus:</span> 
     </span>
    </p>
   </div>
   <div class='ocr_carea' id='block_1_4' title="bbox 261 1182 1341 1275">
    <p class='ocr_par' dir='ltr' id='par_1_4' title="bbox 261 1182 1341 1275">
     <span class='ocr_line' id='line_1_9' title="bbox 261 1182 1341 1275; baseline 0 -21"><span class='ocrx_word' id='word_1_50' title='bbox 261 1192 424 1275; x_wconf 84' lang='lat' dir='ltr'>Theogn.</span> <span class='ocrx_word' id='word_1_51' title='bbox 457 1214 486 1256; x_wconf 87' lang='lat' dir='ltr'>v.</span> <span class='ocrx_word' id='word_1_52' title='bbox 524 1194 725 1258; x_wconf 73' lang='lat' dir='ltr'>rar-132.</span> <span class='ocrx_word' id='word_1_53' title='bbox 771 1192 855 1257; x_wconf 86' lang='lat' dir='ltr'>Stob.</span> <span class='ocrx_word' id='word_1_54' title='bbox 880 1192 948 1256; x_wconf 87' lang='lat' dir='ltr'>fior.</span> <span class='ocrx_word' id='word_1_55' title='bbox 975 1194 1056 1274; x_wconf 65' lang='lat' dir='ltr'>tal.</span> <span class='ocrx_word' id='word_1_56' title='bbox 1096 1214 1124 1254; x_wconf 89' lang='lat' dir='ltr'>v.</span> <span class='ocrx_word' id='word_1_57' title='bbox 1156 1191 1218 1255; x_wconf 84' lang='lat'>132</span> <span class='ocrx_word' id='word_1_58' title='bbox 1338 1182 1341 1188; x_wconf 67' lang='grc'><strong>’</strong></span> 
     </span>
    </p>
   </div>
   <div class='ocr_carea' id='block_1_5' title="bbox 70 1289 1221 1809">
    <p class='ocr_par' dir='ltr' id='par_1_5' title="bbox 70 1289 1221 1809">
     <span class='ocr_line' id='line_1_10' title="bbox 154 1289 1220 1386; baseline 0.001 -26"><span class='ocrx_word' id='word_1_59' title='bbox 154 1298 231 1361; x_wconf 90' lang='lat' dir='ltr'>libri</span> <span class='ocrx_word' id='word_1_60' title='bbox 254 1297 448 1382; x_wconf 87' lang='lat' dir='ltr'>Theognidei</span> <span class='ocrx_word' id='word_1_61' title='bbox 473 1319 583 1386; x_wconf 88' lang='lat' dir='ltr'>omnes</span> <span class='ocrx_word' id='word_1_62' title='bbox 607 1295 735 1377; x_wconf 73' lang='grc' dir='ltr'><strong><em>ἔπλετο,</em></strong></span> <span class='ocrx_word' id='word_1_63' title='bbox 760 1289 818 1378; x_wconf 84' lang='grc' dir='ltr'><strong><em>οἷς,</em></strong></span> <span class='ocrx_word' id='word_1_64' title='bbox 836 1299 922 1383; x_wconf 90' lang='lat' dir='ltr'>quod</span> <span class='ocrx_word' id='word_1_65' title='bbox 947 1306 1075 1384; x_wconf 91' lang='lat' dir='ltr'>propter</span> <span class='ocrx_word' id='word_1_66' title='bbox 1097 1299 1220 1362; x_wconf 88' lang='lat' dir='ltr'>hiatum</span> 
     </span>
     <span class='ocr_line' id='line_1_11' title="bbox 154 1397 1221 1489; baseline -0.001 -21"><span class='ocrx_word' id='word_1_67' title='bbox 154 1405 230 1468; x_wconf 89' lang='lat' dir='ltr'>ferri</span> <span class='ocrx_word' id='word_1_68' title='bbox 253 1425 318 1468; x_wconf 93' lang='lat' dir='ltr'>non</span> <span class='ocrx_word' id='word_1_69' title='bbox 343 1411 453 1489; x_wconf 84' lang='lat' dir='ltr'>potest,</span> <span class='ocrx_word' id='word_1_70' title='bbox 474 1405 632 1471; x_wconf 83' lang='lat' dir='ltr'>Stobaeus</span> <span class='ocrx_word' id='word_1_71' title='bbox 648 1397 774 1485; x_wconf 67' lang='lat' dir='ltr'>dlrled&#39;,</span> <span class='ocrx_word' id='word_1_72' title='bbox 800 1399 898 1485; x_wconf 83' lang='grc' dir='ltr'><em>ὅσοις,</em></span> <span class='ocrx_word' id='word_1_73' title='bbox 923 1407 1010 1489; x_wconf 88' lang='lat' dir='ltr'>quod</span> <span class='ocrx_word' id='word_1_74' title='bbox 1032 1410 1221 1489; x_wconf 90' lang='lat' dir='ltr'>receperunt</span> 
     </span>
     <span class='ocr_line' id='line_1_12' title="bbox 70 1511 1221 1596; baseline -0.004 -19"><span class='ocrx_word' id='word_1_75' title='bbox 70 1550 73 1554; x_wconf 94' lang='lat'>·</span> <span class='ocrx_word' id='word_1_76' title='bbox 154 1513 418 1578; x_wconf 83' lang='lat' dir='ltr'>Schneidewinus</span> <span class='ocrx_word' id='word_1_77' title='bbox 440 1515 474 1576; x_wconf 93' lang='lat' dir='ltr'>in</span> <span class='ocrx_word' id='word_1_78' title='bbox 498 1512 633 1576; x_wconf 90' lang='lat' dir='ltr'>Delectu</span> <span class='ocrx_word' id='word_1_79' title='bbox 657 1519 688 1577; x_wconf 92' lang='lat' dir='ltr'>et</span> <span class='ocrx_word' id='word_1_80' title='bbox 709 1513 923 1596; x_wconf 81' lang='lat' dir='ltr'>Hartungius,</span> <span class='ocrx_word' id='word_1_81' title='bbox 950 1513 1115 1596; x_wconf 89' lang='lat' dir='ltr'>egregium</span> <span class='ocrx_word' id='word_1_82' title='bbox 1139 1511 1221 1574; x_wconf 84' lang='lat' dir='ltr'>dixit</span> 
     </span>
     <span class='ocr_line' id='line_1_13' title="bbox 152 1619 1219 1704; baseline -0.002 -21"><span class='ocrx_word' id='word_1_83' title='bbox 152 1620 354 1684; x_wconf 85' lang='lat' dir='ltr'>Nietzschius</span> <span class='ocrx_word' id='word_1_84' title='bbox 379 1621 412 1701; x_wconf 90' lang='lat' dir='ltr'>(l.</span> <span class='ocrx_word' id='word_1_85' title='bbox 436 1621 455 1683; x_wconf 95' lang='lat' dir='ltr'>l.</span> <span class='ocrx_word' id='word_1_86' title='bbox 479 1641 509 1704; x_wconf 89' lang='lat' dir='ltr'>p.</span> <span class='ocrx_word' id='word_1_87' title='bbox 538 1619 619 1700; x_wconf 84' lang='grc'>186).</span> <span class='ocrx_word' id='word_1_88' title='bbox 667 1620 712 1682; x_wconf 86' lang='lat' dir='ltr'>At</span> <span class='ocrx_word' id='word_1_89' title='bbox 734 1621 879 1702; x_wconf 92' lang='lat' dir='ltr'>plerique</span> <span class='ocrx_word' id='word_1_90' title='bbox 908 1620 1045 1682; x_wconf 82' lang='lat' dir='ltr'>editores</span> <span class='ocrx_word' id='word_1_91' title='bbox 1075 1637 1117 1682; x_wconf 81' lang='lat' dir='ltr'>ex</span> <span class='ocrx_word' id='word_1_92' title='bbox 1145 1637 1219 1681; x_wconf 89' lang='lat' dir='ltr'>con-</span> 
     </span>
     <span class='ocr_line' id='line_1_14' title="bbox 152 1722 1219 1809; baseline -0.006 -19"><span class='ocrx_word' id='word_1_93' title='bbox 152 1730 284 1809; x_wconf 76' lang='lat' dir='ltr'>iectura,</span> <span class='ocrx_word' id='word_1_94' title='bbox 307 1729 401 1790; x_wconf 89' lang='lat' dir='ltr'>cuius</span> <span class='ocrx_word' id='word_1_95' title='bbox 425 1731 537 1789; x_wconf 81' lang='lat' dir='ltr'>auctor</span> <span class='ocrx_word' id='word_1_96' title='bbox 558 1727 703 1789; x_wconf 88' lang='lat' dir='ltr'>incertus</span> <span class='ocrx_word' id='word_1_97' title='bbox 727 1731 785 1807; x_wconf 87' lang='lat' dir='ltr'>est,</span> <span class='ocrx_word' id='word_1_98' title='bbox 800 1722 927 1804; x_wconf 72' lang='grc' dir='ltr'><strong><em>ἔπλετο,</em></strong></span> <span class='ocrx_word' id='word_1_99' title='bbox 948 1729 1018 1802; x_wconf 77' lang='grc' dir='ltr'><strong><em>τοῖς</em></strong></span> <span class='ocrx_word' id='word_1_100' title='bbox 1032 1728 1219 1808; x_wconf 87' lang='lat' dir='ltr'>posuerunt.</span> 
     </span>
    </p>
   </div>
   <div class='ocr_carea' id='block_1_6' title="bbox 39 1829 1221 1914">
    <p class='ocr_par' dir='ltr' id='par_1_6' title="bbox 39 1829 1221 1914">
     <span class='ocr_line' id='line_1_15' title="bbox 39 1829 1221 1914; baseline -0.003 -20"><span class='ocrx_word' id='word_1_101' title='bbox 39 1890 40 1894; x_wconf 75' lang='grc'>,</span> <span class='ocrx_word' id='word_1_102' title='bbox 155 1833 308 1896; x_wconf 86' lang='lat' dir='ltr'>Probavit</span> <span class='ocrx_word' id='word_1_103' title='bbox 330 1835 426 1896; x_wconf 86' lang='lat' dir='ltr'>etiam</span> <span class='ocrx_word' id='word_1_104' title='bbox 453 1832 613 1914; x_wconf 85' lang='lat' dir='ltr'>Bergkius</span> <span class='ocrx_word' id='word_1_105' title='bbox 645 1833 681 1892; x_wconf 93' lang='lat' dir='ltr'>in</span> <span class='ocrx_word' id='word_1_106' title='bbox 703 1831 787 1896; x_wconf 87' lang='lat' dir='ltr'>Mus.</span> <span class='ocrx_word' id='word_1_107' title='bbox 822 1832 922 1895; x_wconf 89' lang='lat' dir='ltr'>Rhen.</span> <span class='ocrx_word' id='word_1_108' title='bbox 956 1833 1016 1896; x_wconf 91' lang='lat' dir='ltr'>vol.</span> <span class='ocrx_word' id='word_1_109' title='bbox 1039 1831 1059 1893; x_wconf 93' lang='lat' dir='ltr'>l.</span> <span class='ocrx_word' id='word_1_110' title='bbox 1082 1851 1111 1913; x_wconf 92' lang='lat' dir='ltr'>p.</span> <span class='ocrx_word' id='word_1_111' title='bbox 1147 1829 1221 1910; x_wconf 74' lang='lat' dir='ltr'>too,</span> 
     </span>
    </p>
   </div>
   <div class='ocr_carea' id='block_1_7' title="bbox 78 1931 1222 3192">
    <p class='ocr_par' dir='ltr' id='par_1_7' title="bbox 78 1931 1222 3192">
     <span class='ocr_line' id='line_1_16' title="bbox 142 1931 1220 2022; baseline -0.002 -21"><span class='ocrx_word' id='word_1_112' title='bbox 142 1941 214 2022; x_wconf 48' lang='lat' dir='ltr'>&#39;qui</span> <span class='ocrx_word' id='word_1_113' title='bbox 237 1941 312 2001; x_wconf 91' lang='lat' dir='ltr'>olim</span> <span class='ocrx_word' id='word_1_114' title='bbox 348 1931 438 2014; x_wconf 80' lang='grc' dir='ltr'><em>ὅσοις</em></span> <span class='ocrx_word' id='word_1_115' title='bbox 469 1939 646 2020; x_wconf 79' lang='lat' dir='ltr'>scripserat.</span> <span class='ocrx_word' id='word_1_116' title='bbox 694 1936 821 2012; x_wconf 78' lang='lat' dir='ltr'>Quibus</span> <span class='ocrx_word' id='word_1_117' title='bbox 854 1939 1018 2018; x_wconf 77' lang='lat' dir='ltr'>assentior,</span> <span class='ocrx_word' id='word_1_118' title='bbox 1046 1957 1122 1999; x_wconf 90' lang='lat' dir='ltr'>nam</span> <span class='ocrx_word' id='word_1_119' title='bbox 1151 1938 1220 2012; x_wconf 77' lang='grc' dir='ltr'><strong><em>τοῖς</em></strong></span> 
     </span>
     <span class='ocr_line' id='line_1_17' title="bbox 157 2037 1220 2127; baseline -0.004 -19"><span class='ocrx_word' id='word_1_120' title='bbox 157 2065 254 2127; x_wconf 90' lang='lat' dir='ltr'>quam</span> <span class='ocrx_word' id='word_1_121' title='bbox 280 2037 370 2120; x_wconf 77' lang='grc' dir='ltr'><strong><em>ὅσοις</em></strong></span> <span class='ocrx_word' id='word_1_122' title='bbox 393 2044 433 2106; x_wconf 89' lang='lat' dir='ltr'>ad</span> <span class='ocrx_word' id='word_1_123' title='bbox 458 2063 590 2106; x_wconf 89' lang='lat' dir='ltr'>sensum</span> <span class='ocrx_word' id='word_1_124' title='bbox 613 2044 884 2108; x_wconf 84' lang='lat' dir='ltr'>accommodatius</span> <span class='ocrx_word' id='word_1_125' title='bbox 909 2049 965 2107; x_wconf 92' lang='lat' dir='ltr'>est.</span> <span class='ocrx_word' id='word_1_126' title='bbox 1013 2041 1099 2118; x_wconf 78' lang='lat' dir='ltr'>outa</span> <span class='ocrx_word' id='word_1_127' title='bbox 1123 2047 1220 2106; x_wconf 90' lang='lat' dir='ltr'>etiam</span> 
     </span>
     <span class='ocr_line' id='line_1_18' title="bbox 143 2142 1219 2236; baseline -0.002 -23"><span class='ocrx_word' id='word_1_128' title='bbox 143 2151 315 2233; x_wconf 72' lang='lat' dir='ltr'>quomodo</span> <span class='ocrx_word' id='word_1_129' title='bbox 328 2150 550 2232; x_wconf 88' lang='lat' dir='ltr'>accipiendum</span> <span class='ocrx_word' id='word_1_130' title='bbox 564 2151 605 2212; x_wconf 92' lang='lat' dir='ltr'>sit</span> <span class='ocrx_word' id='word_1_131' title='bbox 615 2142 713 2231; x_wconf 68' lang='grc' dir='ltr'><strong><em>ὅσοις,</em></strong></span> <span class='ocrx_word' id='word_1_132' title='bbox 733 2151 822 2233; x_wconf 91' lang='lat' dir='ltr'>quod</span> <span class='ocrx_word' id='word_1_133' title='bbox 835 2151 875 2213; x_wconf 88' lang='lat' dir='ltr'>ad</span> <span class='ocrx_word' id='word_1_134' title='bbox 889 2144 1015 2235; x_wconf 76' lang='grc' dir='ltr'><strong><em>πατρὸς</em></strong></span> <span class='ocrx_word' id='word_1_135' title='bbox 1025 2147 1080 2214; x_wconf 79' lang='grc' dir='ltr'>καὶ</span> <span class='ocrx_word' id='word_1_136' title='bbox 1090 2143 1219 2236; x_wconf 70' lang='grc' dir='ltr'>μητρὸς,</span> 
     </span>
     <span class='ocr_line' id='line_1_19' title="bbox 153 2247 1222 2341; baseline -0.002 -21"><span class='ocrx_word' id='word_1_137' title='bbox 153 2277 220 2320; x_wconf 89' lang='lat' dir='ltr'>non</span> <span class='ocrx_word' id='word_1_138' title='bbox 258 2257 296 2319; x_wconf 90' lang='lat' dir='ltr'>ad</span> <span class='ocrx_word' id='word_1_139' title='bbox 329 2253 363 2319; x_wconf 75' lang='grc' dir='ltr'>ἐν</span> <span class='ocrx_word' id='word_1_140' title='bbox 396 2247 592 2341; x_wconf 72' lang='grc' dir='ltr'><strong><em>ἀνθρώποις</em></strong></span> <span class='ocrx_word' id='word_1_141' title='bbox 619 2256 822 2320; x_wconf 85' lang='lat' dir='ltr'>referendum</span> <span class='ocrx_word' id='word_1_142' title='bbox 863 2276 933 2321; x_wconf 84' lang='lat' dir='ltr'>esse</span> <span class='ocrx_word' id='word_1_143' title='bbox 974 2262 1006 2320; x_wconf 91' lang='lat' dir='ltr'>et</span> <span class='ocrx_word' id='word_1_144' title='bbox 1047 2275 1162 2320; x_wconf 88' lang='lat' dir='ltr'>sensus</span> <span class='ocrx_word' id='word_1_145' title='bbox 1191 2261 1222 2318; x_wconf 91' lang='lat' dir='ltr'>et</span> 
     </span>
     <span class='ocr_line' id='line_1_20' title="bbox 154 2361 1220 2428; baseline -0.003 -1"><span class='ocrx_word' id='word_1_146' title='bbox 154 2364 319 2428; x_wconf 90' lang='lat' dir='ltr'>collocatio</span> <span class='ocrx_word' id='word_1_147' title='bbox 344 2363 516 2426; x_wconf 90' lang='lat' dir='ltr'>verborum</span> <span class='ocrx_word' id='word_1_148' title='bbox 536 2368 567 2426; x_wconf 91' lang='lat' dir='ltr'>et</span> <span class='ocrx_word' id='word_1_149' title='bbox 590 2382 702 2427; x_wconf 86' lang='lat' dir='ltr'>versus</span> <span class='ocrx_word' id='word_1_150' title='bbox 726 2363 841 2428; x_wconf 89' lang='lat' dir='ltr'>docent</span> <span class='ocrx_word' id='word_1_151' title='bbox 860 2365 933 2427; x_wconf 79' lang='lat'>273.</span> <span class='ocrx_word' id='word_1_152' title='bbox 952 2363 1025 2426; x_wconf 79' lang='lat'>623.</span> <span class='ocrx_word' id='word_1_153' title='bbox 1050 2363 1122 2425; x_wconf 79' lang='lat'>637.</span> <span class='ocrx_word' id='word_1_154' title='bbox 1148 2361 1220 2424; x_wconf 78' lang='lat'>647.</span> 
     </span>
     <span class='ocr_line' id='line_1_21' title="bbox 157 2467 1221 2551; baseline -0.005 -18"><span class='ocrx_word' id='word_1_155' title='bbox 157 2469 250 2533; x_wconf 84' lang='lat'>1003.</span> <span class='ocrx_word' id='word_1_156' title='bbox 289 2468 383 2532; x_wconf 79' lang='lat'>1027.</span> <span class='ocrx_word' id='word_1_157' title='bbox 421 2467 514 2530; x_wconf 84' lang='lat'>1135.</span> <span class='ocrx_word' id='word_1_158' title='bbox 547 2469 642 2551; x_wconf 79' lang='lat'>1139,</span> <span class='ocrx_word' id='word_1_159' title='bbox 678 2473 810 2534; x_wconf 90' lang='lat' dir='ltr'>omnino</span> <span class='ocrx_word' id='word_1_160' title='bbox 851 2490 903 2534; x_wconf 90' lang='lat' dir='ltr'>me</span> <span class='ocrx_word' id='word_1_161' title='bbox 936 2490 1001 2533; x_wconf 94' lang='lat' dir='ltr'>non</span> <span class='ocrx_word' id='word_1_162' title='bbox 1035 2467 1221 2549; x_wconf 84' lang='lat' dir='ltr'>intellegere</span> 
     </span>
     <span class='ocr_line' id='line_1_22' title="bbox 154 2573 1220 2661; baseline -0.006 -21"><span class='ocrx_word' id='word_1_163' title='bbox 154 2577 263 2640; x_wconf 88' lang='lat' dir='ltr'>fateor.</span> <span class='ocrx_word' id='word_1_164' title='bbox 315 2574 424 2638; x_wconf 87' lang='lat' dir='ltr'>Lectio</span> <span class='ocrx_word' id='word_1_165' title='bbox 453 2575 596 2646; x_wconf 91' lang='lat' dir='ltr'>secundo</span> <span class='ocrx_word' id='word_1_166' title='bbox 621 2578 837 2641; x_wconf 91' lang='lat' dir='ltr'>mutationum</span> <span class='ocrx_word' id='word_1_167' title='bbox 872 2578 983 2661; x_wconf 82' lang='lat' dir='ltr'>generi</span> <span class='ocrx_word' id='word_1_168' title='bbox 1017 2577 1085 2638; x_wconf 90' lang='lat' dir='ltr'>sine</span> <span class='ocrx_word' id='word_1_169' title='bbox 1121 2573 1220 2637; x_wconf 91' lang='lat' dir='ltr'>dubio</span> 
     </span>
     <span class='ocr_line' id='line_1_23' title="bbox 78 2670 1219 2765; baseline -0.003 -19"><span class='ocrx_word' id='word_1_170' title='bbox 78 2718 86 2728; x_wconf 88' lang='lat'>-</span> <span class='ocrx_word' id='word_1_171' title='bbox 157 2689 207 2746; x_wconf 91' lang='lat' dir='ltr'>est</span> <span class='ocrx_word' id='word_1_172' title='bbox 230 2680 450 2753; x_wconf 87' lang='lat' dir='ltr'>adscribenda.</span> <span class='ocrx_word' id='word_1_173' title='bbox 474 2718 516 2725; x_wconf 91' lang='lat'>—-</span> <span class='ocrx_word' id='word_1_174' title='bbox 539 2681 701 2746; x_wconf 82' lang='lat' dir='ltr'>Ineodenr</span> <span class='ocrx_word' id='word_1_175' title='bbox 727 2703 823 2747; x_wconf 87' lang='lat' dir='ltr'>versu</span> <span class='ocrx_word' id='word_1_176' title='bbox 855 2683 944 2746; x_wconf 90' lang='lat' dir='ltr'>codd.</span> <span class='ocrx_word' id='word_1_177' title='bbox 972 2682 1111 2764; x_wconf 80' lang='lat' dir='ltr'>Theogn.</span> <span class='ocrx_word' id='word_1_178' title='bbox 1137 2670 1219 2765; x_wconf 76' lang='grc' dir='ltr'><strong><em>ὁσίη,</em></strong></span> 
     </span>
     <span class='ocr_line' id='line_1_24' title="bbox 155 2783 1221 2877; baseline -0.006 -25"><span class='ocrx_word' id='word_1_179' title='bbox 155 2783 267 2874; x_wconf 73' lang='grc' dir='ltr'><em>Κύρνε,</em></span> <span class='ocrx_word' id='word_1_180' title='bbox 291 2784 413 2874; x_wconf 80' lang='grc' dir='ltr'><em>μέμηλε</em></span> <span class='ocrx_word' id='word_1_181' title='bbox 436 2783 520 2876; x_wconf 77' lang='grc' dir='ltr'><strong><em>δίκη.</em></strong></span> <span class='ocrx_word' id='word_1_182' title='bbox 544 2787 629 2852; x_wconf 82' lang='lat' dir='ltr'>Stob.</span> <span class='ocrx_word' id='word_1_183' title='bbox 654 2783 810 2876; x_wconf 83' lang='grc' dir='ltr'><strong><em>ὁσίης-</em></strong></span> <span class='ocrx_word' id='word_1_184' title='bbox 837 2786 936 2877; x_wconf 77' lang='grc' dir='ltr'><em>δίκης.</em></span> <span class='ocrx_word' id='word_1_185' title='bbox 967 2795 1015 2863; x_wconf 84' lang='lat' dir='ltr'>-l-.</span> <span class='ocrx_word' id='word_1_186' title='bbox 1053 2787 1137 2851; x_wconf 88' lang='lat' dir='ltr'>Nam</span> <span class='ocrx_word' id='word_1_187' title='bbox 1161 2786 1221 2847; x_wconf 89' lang='lat' dir='ltr'>ho&#39;c</span> 
     </span>
     <span class='ocr_line' id='line_1_25' title="bbox 156 2895 1222 2980; baseline -0.004 -23"><span class='ocrx_word' id='word_1_188' title='bbox 156 2895 242 2977; x_wconf 90' lang='lat' dir='ltr'>quod</span> <span class='ocrx_word' id='word_1_189' title='bbox 275 2895 426 2957; x_wconf 85' lang='lat' dir='ltr'>convenit</span> <span class='ocrx_word' id='word_1_190' title='bbox 456 2896 583 2978; x_wconf 89' lang='lat' dir='ltr'>signum</span> <span class='ocrx_word' id='word_1_191' title='bbox 624 2898 703 2980; x_wconf 89' lang='lat' dir='ltr'>quin</span> <span class='ocrx_word' id='word_1_192' title='bbox 733 2903 819 2960; x_wconf 87' lang='lat' dir='ltr'>recte</span> <span class='ocrx_word' id='word_1_193' title='bbox 855 2903 1034 2980; x_wconf 89' lang='lat' dir='ltr'>apponatur</span> <span class='ocrx_word' id='word_1_194' title='bbox 1067 2895 1140 2976; x_wconf 90' lang='lat' dir='ltr'>quis</span> <span class='ocrx_word' id='word_1_195' title='bbox 1174 2898 1222 2954; x_wconf 91' lang='lat' dir='ltr'>est</span> 
     </span>
     <span class='ocr_line' id='line_1_26' title="bbox 157 2998 1221 3087; baseline -0.003 -24"><span class='ocrx_word' id='word_1_196' title='bbox 157 3002 213 3082; x_wconf 92' lang='lat' dir='ltr'>qui</span> <span class='ocrx_word' id='word_1_197' title='bbox 236 2999 388 3063; x_wconf 81' lang='lat' dir='ltr'>dubitet?</span> <span class='ocrx_word' id='word_1_198' title='bbox 430 2999 521 3066; x_wconf 85' lang='lat' dir='ltr'>Certe</span> <span class='ocrx_word' id='word_1_199' title='bbox 545 3003 654 3076; x_wconf 88' lang='lat' dir='ltr'>tamen</span> <span class='ocrx_word' id='word_1_200' title='bbox 678 3023 745 3066; x_wconf 92' lang='lat' dir='ltr'>non</span> <span class='ocrx_word' id='word_1_201' title='bbox 773 3010 940 3087; x_wconf 90' lang='lat' dir='ltr'>peccatum</span> <span class='ocrx_word' id='word_1_202' title='bbox 968 3005 1000 3065; x_wconf 93' lang='lat' dir='ltr'>in</span> <span class='ocrx_word' id='word_1_203' title='bbox 1025 3002 1155 3083; x_wconf 90' lang='lat' dir='ltr'>linguae</span> <span class='ocrx_word' id='word_1_204' title='bbox 1177 2998 1221 3060; x_wconf 96' lang='lat' dir='ltr'>le-</span> 
     </span>
     <span class='ocr_line' id='line_1_27' title="bbox 155 3106 1221 3192; baseline -0.002 -24"><span class='ocrx_word' id='word_1_205' title='bbox 155 3126 211 3190; x_wconf 86' lang='lat' dir='ltr'>ges</span> <span class='ocrx_word' id='word_1_206' title='bbox 234 3109 458 3190; x_wconf 88' lang='lat' dir='ltr'>grammaticas</span> <span class='ocrx_word' id='word_1_207' title='bbox 490 3109 587 3191; x_wconf 82' lang='lat' dir='ltr'>(quod</span> <span class='ocrx_word' id='word_1_208' title='bbox 612 3111 798 3192; x_wconf 90' lang='lat' dir='ltr'>saepissime</span> <span class='ocrx_word' id='word_1_209' title='bbox 821 3110 942 3172; x_wconf 88' lang='lat' dir='ltr'>factum</span> <span class='ocrx_word' id='word_1_210' title='bbox 967 3130 985 3172; x_wconf 89' lang='lat' dir='ltr'>a</span> <span class='ocrx_word' id='word_1_211' title='bbox 1009 3106 1221 3190; x_wconf 89' lang='lat' dir='ltr'>compilatori-</span> 
     </span>
    </p>
   </div>
   <div class='ocr_carea' id='block_1_8' title="bbox 29 3213 1222 3300">
    <p class='ocr_par' dir='ltr' id='par_1_8' title="bbox 29 3213 1222 3300">
     <span class='ocr_line' id='line_1_28' title="bbox 29 3213 1222 3300; baseline -0.004 -21"><span class='ocrx_word' id='word_1_212' title='bbox 29 3276 30 3279; x_wconf 74' lang='grc'>,</span> <span class='ocrx_word' id='word_1_213' title='bbox 156 3213 238 3296; x_wconf 83' lang='lat' dir='ltr'>bus),</span> <span class='ocrx_word' id='word_1_214' title='bbox 284 3234 359 3279; x_wconf 90' lang='lat' dir='ltr'>nam</span> <span class='ocrx_word' id='word_1_215' title='bbox 404 3219 542 3297; x_wconf 89' lang='lat' dir='ltr'>utraque</span> <span class='ocrx_word' id='word_1_216' title='bbox 581 3217 776 3280; x_wconf 92' lang='lat' dir='ltr'>constructio</span> <span class='ocrx_word' id='word_1_217' title='bbox 814 3219 879 3278; x_wconf 91' lang='lat' dir='ltr'>iam</span> <span class='ocrx_word' id='word_1_218' title='bbox 925 3216 1011 3300; x_wconf 89' lang='lat' dir='ltr'>apud</span> <span class='ocrx_word' id='word_1_219' title='bbox 1041 3215 1222 3278; x_wconf 89' lang='lat' dir='ltr'>Homerum</span> 
     </span>
    </p>
   </div>
   <div class='ocr_carea' id='block_1_9' title="bbox 155 3322 1223 4150">
    <p class='ocr_par' dir='ltr' id='par_1_9' title="bbox 155 3322 296 3384">
     <span class='ocr_line' id='line_1_29' title="bbox 155 3322 296 3384; baseline 0.007 -1"><span class='ocrx_word' id='word_1_220' title='bbox 155 3322 296 3384; x_wconf 80' lang='lat' dir='ltr'>usitata..</span> 
     </span>
    </p>

    <p class='ocr_par' dir='ltr' id='par_1_10' title="bbox 155 3424 1223 4150">
     <span class='ocr_line' id='line_1_30' title="bbox 262 3424 1222 3517; baseline 0 -30"><span class='ocrx_word' id='word_1_221' title='bbox 262 3448 292 3489; x_wconf 87' lang='lat' dir='ltr'>v.</span> <span class='ocrx_word' id='word_1_222' title='bbox 319 3429 529 3492; x_wconf 67' lang='lat' dir='ltr'>raa-158.</span> <span class='ocrx_word' id='word_1_223' title='bbox 571 3430 696 3511; x_wconf 74' lang='grc'><strong>96,15.</strong></span> <span class='ocrx_word' id='word_1_224' title='bbox 736 3449 764 3494; x_wconf 78' lang='lat' dir='ltr'>v.</span> <span class='ocrx_word' id='word_1_225' title='bbox 801 3430 864 3492; x_wconf 63' lang='lat'>155</span> <span class='ocrx_word' id='word_1_226' title='bbox 898 3424 1029 3517; x_wconf 76' lang='grc' dir='ltr'><strong><em>μήποτέ</em></strong></span> <span class='ocrx_word' id='word_1_227' title='bbox 1061 3450 1112 3491; x_wconf 82' lang='grc' dir='ltr'>σοι</span> <span class='ocrx_word' id='word_1_228' title='bbox 1147 3425 1222 3488; x_wconf 88' lang='lat' dir='ltr'>libri</span> 
     </span>
     <span class='ocr_line' id='line_1_31' title="bbox 155 3529 1221 3618; baseline -0.002 -22"><span class='ocrx_word' id='word_1_229' title='bbox 155 3533 302 3618; x_wconf 79' lang='lat' dir='ltr'>Theogn,</span> <span class='ocrx_word' id='word_1_230' title='bbox 324 3558 382 3616; x_wconf 81' lang='grc' dir='ltr'>μοι</span> <span class='ocrx_word' id='word_1_231' title='bbox 406 3534 491 3599; x_wconf 83' lang='lat' dir='ltr'>Stob.</span> <span class='ocrx_word' id='word_1_232' title='bbox 509 3535 606 3612; x_wconf 80' lang='lat' dir='ltr'>†.In</span> <span class='ocrx_word' id='word_1_233' title='bbox 630 3536 740 3599; x_wconf 89' lang='lat' dir='ltr'>eodem</span> <span class='ocrx_word' id='word_1_234' title='bbox 765 3554 931 3618; x_wconf 87' lang='lat' dir='ltr'>versupro</span> <span class='ocrx_word' id='word_1_235' title='bbox 952 3529 1113 3615; x_wconf 70' lang='grc' dir='ltr'><strong><em>χολωθείς</em></strong></span> <span class='ocrx_word' id='word_1_236' title='bbox 1137 3532 1221 3616; x_wconf 87' lang='lat' dir='ltr'>quod</span> 
     </span>
     <span class='ocr_line' id='line_1_32' title="bbox 157 3638 1220 3729; baseline 0.001 -27"><span class='ocrx_word' id='word_1_237' title='bbox 157 3645 204 3703; x_wconf 88' lang='lat' dir='ltr'>est</span> <span class='ocrx_word' id='word_1_238' title='bbox 238 3641 272 3702; x_wconf 93' lang='lat' dir='ltr'>in</span> <span class='ocrx_word' id='word_1_239' title='bbox 303 3640 500 3725; x_wconf 84' lang='lat' dir='ltr'>Theognide,</span> <span class='ocrx_word' id='word_1_240' title='bbox 523 3638 710 3729; x_wconf 75' lang='grc' dir='ltr'><em>χαλεφθείς.</em></span> <span class='ocrx_word' id='word_1_241' title='bbox 735 3651 784 3718; x_wconf 82' lang='lat' dir='ltr'>-l-.</span> <span class='ocrx_word' id='word_1_242' title='bbox 810 3663 837 3704; x_wconf 89' lang='lat' dir='ltr'>v.</span> <span class='ocrx_word' id='word_1_243' title='bbox 865 3642 935 3703; x_wconf 79' lang='lat'>157.</span> <span class='ocrx_word' id='word_1_244' title='bbox 965 3641 1053 3704; x_wconf 92' lang='lat' dir='ltr'>codd.</span> <span class='ocrx_word' id='word_1_245' title='bbox 1081 3639 1220 3722; x_wconf 79' lang='lat' dir='ltr'>Theogu.</span> 
     </span>
     <span class='ocr_line' id='line_1_33' title="bbox 158 3736 1223 3832; baseline -0.002 -24"><span class='ocrx_word' id='word_1_246' title='bbox 158 3764 268 3810; x_wconf 90' lang='lat' dir='ltr'>omnes</span> <span class='ocrx_word' id='word_1_247' title='bbox 291 3736 405 3811; x_wconf 72' lang='lat' dir='ltr'>ditiore</span> <span class='ocrx_word' id='word_1_248' title='bbox 424 3737 521 3832; x_wconf 67' lang='lat' dir='ltr'>ditor,</span> <span class='ocrx_word' id='word_1_249' title='bbox 537 3767 703 3830; x_wconf 90' lang='lat' dir='ltr'>perperam</span> <span class='ocrx_word' id='word_1_250' title='bbox 722 3753 850 3831; x_wconf 91' lang='lat' dir='ltr'>propter</span> <span class='ocrx_word' id='word_1_251' title='bbox 871 3746 1046 3812; x_wconf 90' lang='lat' dir='ltr'>infinitivos</span> <span class='ocrx_word' id='word_1_252' title='bbox 1070 3745 1223 3809; x_wconf 75' lang='grc' dir='ltr'><strong><em>πλουτεῖν</em></strong></span> 
     </span>
     <span class='ocr_line' id='line_1_34' title="bbox 158 3849 1222 3942; baseline -0.003 -26"><span class='ocrx_word' id='word_1_253' title='bbox 158 3889 201 3897; x_wconf 88' lang='grc'><strong>-</strong></span> <span class='ocrx_word' id='word_1_254' title='bbox 223 3852 324 3942; x_wconf 79' lang='grc' dir='ltr'><em>μηδὲν</em></span> <span class='ocrx_word' id='word_1_255' title='bbox 346 3849 431 3934; x_wconf 75' lang='grc' dir='ltr'><em>ἔχειν</em></span> <span class='ocrx_word' id='word_1_256' title='bbox 453 3854 540 3916; x_wconf 91' lang='lat' dir='ltr'>modi</span> <span class='ocrx_word' id='word_1_257' title='bbox 574 3855 842 3938; x_wconf 80' lang='lat' dir='ltr'>designationem,</span> <span class='ocrx_word' id='word_1_258' title='bbox 864 3875 930 3918; x_wconf 94' lang='lat' dir='ltr'>non</span> <span class='ocrx_word' id='word_1_259' title='bbox 964 3871 1120 3937; x_wconf 91' lang='lat' dir='ltr'>personae</span> <span class='ocrx_word' id='word_1_260' title='bbox 1151 3871 1222 3934; x_wconf 90' lang='lat' dir='ltr'>pos-</span> 
     </span>
     <span class='ocr_line' id='line_1_35' title="bbox 157 3949 1222 4044; baseline -0.002 -22"><span class='ocrx_word' id='word_1_261' title='bbox 157 3964 274 4024; x_wconf 87' lang='lat' dir='ltr'>centes.</span> <span class='ocrx_word' id='word_1_262' title='bbox 308 3959 406 4024; x_wconf 89' lang='lat' dir='ltr'>Recte</span> <span class='ocrx_word' id='word_1_263' title='bbox 434 3959 519 4023; x_wconf 86' lang='lat' dir='ltr'>Stob.</span> <span class='ocrx_word' id='word_1_264' title='bbox 544 3949 657 4040; x_wconf 55' lang='lat' dir='ltr'>datae,</span> <span class='ocrx_word' id='word_1_265' title='bbox 682 3961 721 4024; x_wconf 92' lang='lat' dir='ltr'>ab</span> <span class='ocrx_word' id='word_1_266' title='bbox 746 3961 923 4025; x_wconf 91' lang='lat' dir='ltr'>editoribus</span> <span class='ocrx_word' id='word_1_267' title='bbox 946 3964 1119 4044; x_wconf 88' lang='lat' dir='ltr'>receptum.</span> <span class='ocrx_word' id='word_1_268' title='bbox 1160 3957 1222 4021; x_wconf 85' lang='lat' dir='ltr'>Sed</span> 
     </span>
     <span class='ocr_line' id='line_1_36' title="bbox 157 4067 1222 4150; baseline -0.002 -21"><span class='ocrx_word' id='word_1_269' title='bbox 157 4067 231 4149; x_wconf 92' lang='lat' dir='ltr'>quis</span> <span class='ocrx_word' id='word_1_270' title='bbox 256 4070 304 4130; x_wconf 83' lang='lat' dir='ltr'>est</span> <span class='ocrx_word' id='word_1_271' title='bbox 328 4068 406 4149; x_wconf 91' lang='lat' dir='ltr'>quin</span> <span class='ocrx_word' id='word_1_272' title='bbox 431 4071 524 4150; x_wconf 71' lang='lat' dir='ltr'>optet,</span> <span class='ocrx_word' id='word_1_273' title='bbox 547 4071 585 4129; x_wconf 92' lang='lat' dir='ltr'>ut</span> <span class='ocrx_word' id='word_1_274' title='bbox 609 4068 786 4132; x_wconf 86' lang='lat' dir='ltr'>difficiliore</span> <span class='ocrx_word' id='word_1_275' title='bbox 814 4067 883 4129; x_wconf 87' lang='lat' dir='ltr'>loco</span> <span class='ocrx_word' id='word_1_276' title='bbox 907 4071 1030 4130; x_wconf 87' lang='lat' dir='ltr'>rectum</span> <span class='ocrx_word' id='word_1_277' title='bbox 1064 4068 1222 4128; x_wconf 88' lang='lat' dir='ltr'>servasset</span> 
     </span>
    </p>
   </div>
   <div class='ocr_carea' id='block_1_10' title="bbox 0 0 1357 4576">
    <p class='ocr_par' dir='ltr' id='par_1_11' title="bbox 0 0 1357 4576">
     <span class='ocr_line' id='line_1_37' title="bbox 0 0 1357 4576; baseline 0 0"><span class='ocrx_word' id='word_1_278' title='bbox 0 0 1357 4576; x_wconf 95' lang='lat' dir='ltr'> </span> 
     </span>
    </p>
   </div>
  </div>
 </body>
</html>
