2692 4576
569 602 770 712 Theses

242 784 266 846 Ι.
291 783 363 847 Non
393 788 478 848 reete
500 783 660 847 Diltheius
695 784 741 861 (in
764 780 803 845 N.
829 780 911 844 Mus.
936 780 1037 843 Rhen.
1061 781 1122 843 vol.
1149 780 1199 862 18,

136 911 165 973 p.
193 889 392 974 leo-152),
426 893 459 953 in
485 891 602 954 Suidae
637 874 676 952 de
699 888 881 970 Theognide
911 887 1044 950 articulo
1077 908 1135 972 pro
1159 882 1200 951 τὰ

135 992 247 1061 πάντα
271 994 397 1074 ἑντικῶς
421 996 628 1060 scribendum
660 996 826 1080 proposuit
858 989 899 1058 τὰ
927 989 1039 1058 πάντα
1061 987 1199 1084 ἠθικῶς.

136 1103 216 1166 Cum
232 1102 380 1166 Ditzenio
394 1105 511 1187 potius
536 1102 577 1188 (V.
596 1102 632 1166 G.
646 1101 879 1166 Schneidewin.
925 1100 1106 1165 Coniectan.
1131 1103 1198 1164 orit.

135 1231 164 1293 p.
190 1209 264 1290 176)
293 1211 518 1293 corrigendum
542 1205 583 1274 τὰ
609 1205 721 1273 πάντα
744 1203 809 1294 ἔντη
832 1203 902 1290 ssro'.

240 1316 282 1379 Π.
321 1317 360 1379 In
398 1317 551 1397 Aeschyli
589 1317 624 1378 in
662 1314 852 1378 Prometheo
891 1313 1009 1377 Vincto
1049 1314 1200 1378 versibus

137 1425 312 1487 elo-alo
337 1422 472 1487 Kirohh.
820 1405 822 1409 ’

295 1528 440 1594 ἐνταῦθα
463 1525 503 1617 δή
527 1551 563 1593 σε
586 1523 665 1606 Ζεὺς
688 1523 826 1616 τίθησιν
848 1525 993 1616 ἔμφρονα

295 1634 437 1724 ἐπαφῶν
460 1627 596 1721 ἀταρβεῖ
619 1632 702 1721 χειρὶ
727 1632 783 1699 καὶ
807 1631 915 1720 θιγών
937 1630 1043 1718 μόνον.

297 1738 469 1824 ἐπώνυμον
493 1739 528 1806 δὲ
551 1744 617 1806 τῶν
639 1737 723 1819 Διὸς
745 1737 951 1830 γεννημάτων

261 1916 264 1922 Δ
301 1844 403 1928 τέξεις
425 1843 574 1912 κελαινὸν
589 1838 745 1934 Ἔπαφον
767 1848 834 1912 κτλ.

139 1958 223 2017 reete
247 1973 281 2017 se
305 1953 420 2019 habere
444 1974 559 2018 censeo
583 1955 728 2018 codicum
754 1955 932 2035 lectionem,
963 1958 1072 2016 eontra
1095 1952 1200 2015 Elms-

139 2061 247 2142 leium,
282 2062 337 2142 qui
377 2082 405 2124 v.
436 2062 498 2123 847
536 2063 682 2144 spurium
720 2062 813 2124 duxit
844 2060 882 2123 ab
910 2061 1136 2144 interpolatore
1164 2059 1200 2120 in

140 2168 273 2247 genuini
300 2170 355 2249 qui
379 2169 553 2231 excidisset
575 2169 681 2232 locum
707 2167 926 2249 substitutum,
950 2172 1060 2230 eontra
1077 2166 1201 2230 Wiese-

139 2275 252 2354 lerum,
278 2276 333 2356 qui
358 2276 391 2336 in
415 2295 445 2337 v.
465 2275 529 2337 848
552 2295 610 2358 pro
633 2270 838 2363 γεννημάτων
856 2274 1062 2338 scribendum
1077 2275 1203 2358 putavit

138 2376 262 2469 γέννημ’
287 2372 392 2468 ἁφῶν,
416 2379 631 2460 Dindorfium,
657 2383 713 2464 qui
737 2383 906 2464 utriusque
930 2383 1112 2464 opinionem
1135 2401 1201 2444 am·

139 2487 255 2568 plexus
279 2492 336 2567 est,
370 2487 607 2570 Hermannum,
642 2491 698 2572 qui
721 2494 793 2573 post
816 2509 846 2551 v.
871 2488 934 2550 846
959 2507 1090 2551 versum
1114 2489 1201 2551 exoi·

140 2593 224 2655 disse
248 2592 310 2655 sibi
333 2595 502 2674 persuasit.
698 2678 700 2683 Ι

245 2697 303 2761 ΙΠ.
340 2697 432 2773 Quod
456 2697 536 2762 Dav.
560 2698 645 2762 Frid.
670 2701 799 2768 Straoss
832 2706 867 2767 in
901 2704 983 2767 libro
1023 2700 1106 2784 „Der
1139 2701 1202 2764 alte

144 2805 210 2867 ond
236 2805 292 2868 der
314 2824 399 2868 neue
424 2805 566 2870 Glaube“
590 2807 743 2892 inscripto
768 2809 809 2895 (p.
829 2810 891 2874 146
916 2812 964 2875 ed.
981 2807 1037 2894 X.)
1061 2808 1202 2893 protulit,

141 2927 177 2975 ut
200 2913 440 2995 pessimismum
465 2933 560 2996 quem
579 2920 696 2978 vocant
710 2916 884 2982 refelleret:
910 2917 1036 3000 „Wenn
1052 2917 1103 2979 die
1115 2914 1203 2978 Welt

48 3033 51 3039 ’
141 3020 194 3081 ein
218 3017 305 3103 Ding
327 3021 379 3102 isi,
411 3020 468 3083 das
500 3019 611 3085 besser
633 3023 722 3086 nieht
746 3030 838 3107 wdre,
861 3045 896 3088 so
919 3027 961 3088 ist
980 3027 1014 3108 ja
1038 3023 1122 3087 anch
1146 3023 1202 3086 das

139 3123 276 3189 Denken
311 3127 366 3190 des
398 3127 624 3211 Philosophen,
661 3130 718 3193 das
752 3132 804 3194 ein
843 3132 942 3195 Stiiok
976 3132 1080 3194 dieser
1114 3129 1202 3193 Welt

140 3233 248 3315 bildet,
284 3235 336 3296 oin
359 3232 504 3312 Denlren,
538 3235 594 3298 das
618 3235 728 3299 besser
750 3238 838 3300 nieht
862 3239 975 3301 diiohte
1064 3287 1070 3300 .
1096 3287 1103 3300 .
1128 3259 1135 3316 3
1159 3238 1202 3299 ist

141 3338 217 3403 aber
240 3342 292 3404 ein
313 3339 460 3422 Denken,
484 3341 541 3404 das
565 3342 616 3405 die
646 3341 733 3406 Welt
755 3344 808 3406 fiir
831 3344 972 3409 schleoht
995 3345 1123 3420 erkldrt‚
1148 3344 1202 3406 ein

140 3446 317 3512 sehleehtes
351 3445 495 3526 Denlren,
531 3467 566 3512 so
598 3449 642 3513 ist
670 3451 705 3532 ja
739 3449 790 3514 die
818 3451 906 3515 Welt
937 3451 1095 3515 vielmehr
1125 3449 1200 3534 gut‘

142 3553 303 3634 sophisma
326 3555 579 3619 existimandum
603 3561 660 3620 est.

574 3849 776 3873 -φῇ
