2692 4576
657 263 697 328 75

147 481 151 485 ·
247 473 277 516 v.
304 453 392 516 695.
428 450 472 534 II,
496 450 569 515 595.
603 448 759 537 παρέχειν
792 470 849 533 pro
873 451 1065 536 παρασχεῖν.
1104 446 1213 511 Metro

139 564 308 643 repugnat.
331 597 375 605 —
510 634 513 638 Α

248 686 277 728 v.
298 664 595 728 41155-1156.
636 663 678 746 II,
713 665 785 726 572.
831 684 861 728 r.
896 663 980 725 1156
1021 652 1111 729 οὐδὲν
1148 679 1209 744 pro

139 770 241 861 μηδὲν
266 780 312 854 ÷·
337 809 380 818 -

353 878 518 941 Ioannes
541 876 812 942 Damascenus.

245 1007 275 1048 v.
300 983 519 1050 955-956.
544 985 579 1047 in
602 984 769 1047 Parallelis
793 984 906 1064 saeris,
930 982 1015 1046 Stob.
1041 978 1088 1046 ed'.
1109 981 1210 1046 Gaisf.

70 1119 74 1133 ¹
140 1092 187 1154 IV
221 1094 256 1154 in
295 1091 484 1176 Appendiee
516 1112 545 1174 p.
579 1089 619 1152 31
646 1089 747 1175 (stou.
772 1091 819 1153 ed.
854 1089 953 1153 Mein.
985 1087 1042 1170 IV,
1064 1109 1095 1172 p.
1124 1087 1210 1168 185).

138 1219 168 1261 v.
194 1199 256 1262 956
280 1198 356 1262 libri
378 1197 516 1281 Theogn.
543 1216 654 1260 omnes
677 1192 816 1283 χηρώοει
841 1194 981 1274 πολλῶν,
1007 1214 1104 1277 quam
1128 1196 1207 1258 seri-

138 1311 265 1388 pturam
279 1307 335 1388 qui
347 1309 480 1368 tuentur
495 1300 635 1391 χηρώαει
659 1304 822 1386 aeeipiunt
844 1303 971 1366 tertiam
984 1302 1080 1364 activi
1097 1320 1210 1384 perso·

139 1430 228 1492 nam,
249 1412 294 1474 ita
329 1417 366 1475 ut
388 1406 507 1499 χηρόω,
533 1411 619 1492 quod
653 1411 731 1472 alias
766 1428 893 1492 semper
915 1409 1083 1472 transitivo
1107 1410 1208 1492 signi-

136 1515 235 1580 ficatu
247 1518 397 1600 privandi
419 1517 553 1580 orbandi
571 1519 636 1580 vim
649 1516 753 1597 hebet,
765 1517 825 1579 hue
841 1535 907 1579 uno
919 1515 989 1577 loeo
1001 1517 1207 1580 intransitive

137 1623 296 1706 significet
334 1625 454 1707 orbari,
491 1625 618 1707 privari.
677 1621 769 1697 Quod
805 1627 1021 1686 commentum
1060 1623 1207 1706 plerique

136 1734 222 1792 reete
245 1731 445 1813 impugnant,
467 1732 575 1794 loeum
591 1735 777 1812 corruptum
805 1729 1034 1792 existimantes,
1066 1728 1210 1793 Ioannes

139 1834 230 1898 Dam.
254 1837 384 1919 praebet
399 1832 542 1926 χήρωσις
565 1833 707 1902 κτεάνων
722 1835 933 1918 probavitque
956 1823 1208 1916 Heimsuethiusp

140 1941 196 2004 sed
221 1943 314 2006 valde
343 1947 380 2006 ut
402 1943 482 2006 mihi
505 1945 633 2008 ridetur
655 1944 776 2005 iniuria
801 1964 807 2004 :
832 1961 907 2003 nam
930 1940 1067 2004 verbum
1090 1943 1207 2024 utique

139 2050 295 2131 poscitur,
323 2068 388 2117 nou
414 2048 652 2113 substantivum
678 2072 684 2111 :
711 2069 774 2131 que
809 2048 902 2111 mede
938 2049 1039 2124 enim,
1076 2067 1209 2131 quaese,

140 2156 294 2239 explicari
316 2160 420 2238 potest
442 2157 497 2219 illa
520 2159 604 2241 apud
627 2157 780 2220 Ioannem
806 2156 979 2218 sententia:

298 2256 434 2339 Δειλοῦς
457 2251 489 2327 εὖ
513 2261 639 2348 ἕρδοντι
664 2259 731 2327 (λίνω
754 2258 848 2326 κακά·
873 2263 939 2326 τῶν
962 2284 996 2325 νε
1024 2257 1085 2348 γὰρ
1109 2255 1210 2328 αὐτοῦ

297 2365 440 2458 χήρωσις
460 2365 602 2434 κτεάνων
625 2367 681 2435 καὶ
706 2364 800 2455 χάρις
824 2361 978 2449 oiriepiu?

138 2473 306 2538 Praeterea
342 2471 486 2564 χήρωσις
523 2478 720 2541 vocabulum
754 2477 852 2538 unico
883 2475 953 2537 locu
989 2481 1136 2559 excepto,
1169 2477 1206 2540 in

138 2577 257 2643 scholio
282 2581 322 2644 ad
346 2582 440 2665 Soph.
464 2583 561 2647 Eleet.
585 2605 615 2654 v.
643 2585 720 2660 308,
746 2589 811 2648 tota
836 2584 1016 2647 Graecitate
1040 2603 1206 2666 nusquam

139 2688 286 2750 occurrit.
332 2687 531 2771 Neutiquam
554 2692 653 2775 igitur
675 2691 838 2774 probanda
862 2691 994 2754 Ioannis
1017 2691 1124 2771 leetiu,
1148 2690 1207 2754 sed

136 2792 344 2877 neglegenter
366 2793 405 2857 ab
430 2815 466 2859 eo
489 2797 596 2861 locum
620 2798 751 2860 allatum
776 2817 845 2861 esse
869 2797 1076 2878 censendum,
1098 2797 1143 2859 ita
1166 2800 1208 2858 nt

137 2900 233 2962 etiam
256 2920 313 2983 pro
337 2901 470 2967 πολλῶν
491 2911 624 2987 poneret
642 2900 793 2968 κτεάνων.
823 2903 885 2968 Sed
902 2904 1049 2967 codicum
1064 2902 1206 2985 Theogn.

133 3002 277 3093 χηρώσει
306 3015 494 3093 corruptum
529 3013 598 3076 sine
634 3011 741 3075 dubio,
787 3010 829 3074 Et
852 3012 1011 3093 corrigere
1034 3011 1153 3092 possis,
1177 3011 1206 3072 si

139 3112 274 3176 verbum
287 3111 393 3202 χηρὸω
406 3119 455 3180 vis
468 3119 614 3200 retinere,
627 3114 789 3205 χηρώσεαι
803 3118 855 3180 vel
868 3113 1005 3206 χηρώσῃ,
1024 3116 1109 3199 quud
1121 3115 1206 3179 fece·

138 3225 215 3282 runt
234 3219 396 3304 Bergkius
412 3230 443 3288 et
459 3223 626 3300 SitrIerns,
644 3243 725 3307 quae
742 3223 883 3288 secunda
899 3224 1002 3286 futuri
1017 3221 1117 3286 medii
1133 3241 1207 3305 per-

136 3345 214 3390 sona
229 3332 277 3392 est
284 3331 414 3412 passiva
425 3331 492 3394 sive
504 3330 659 3395 reflexiva
668 3329 910 3415 significatione,
920 3331 972 3392 eui
985 3330 1205 3393 emendationi

134 3453 199 3496 non
212 3440 372 3520 repugnat
385 3427 482 3517 αὐτοῦ
498 3439 532 3499 in
553 3457 649 3501 versu
663 3437 867 3520 praecedenti
881 3459 887 3499 :
902 3435 955 3499 etr.
968 3435 1062 3500 Hom.
1080 3461 1114 3526 q,
1129 3437 1205 3500 249.

170 3532 355 3624 Ὣνοὸποι,
377 3531 398 3630 ἦ
420 3566 478 3624 μοι
503 3532 581 3622 ὄχος
603 3539 682 3629 περί
702 3536 895 3609 τάὗτοῦκαὶ
918 3540 994 3629 περὶ
1014 3538 1160 3624 πάντων,

136 3643 193 3706 ubi
217 3638 313 3712 αὐτοῦ
334 3650 476 3732 positum
501 3655 549 3712 est
571 3670 628 3732 pro
652 3648 798 3732 ἐμαυτοῦ,

180 3749 205 3829 ξῖ
229 3748 293 3814 389

244 3847 362 3946 οὐγὰρ
385 3851 506 3926 wttea’
530 3858 593 3946 ἐγώ
616 3859 846 3946 σἀἰόἑσσομαι
872 3855 943 3928 οὐδὲ
967 3857 1110 3950 φιλήσω,
1196 3874 1219 3943 j

239 3954 325 4028 ’ἄλλα
348 3961 417 4030 Δία
440 3965 543 4048 ξένιον
567 3964 678 4047 δείσας
701 3961 797 4035 αὐτόν
820 3965 1011 4055 ustaeque,

134 4067 191 4132 ubi
216 4061 313 4136 αὐτόν
334 4091 392 4154 pro
416 4070 461 4154 σέ,
484 4073 538 4138 cfr.
563 4079 657 4141 etiam
684 4079 723 4159 Ω,
749 4078 822 4141 503.
