2692 4576
666 204 686 264 2

144 390 329 449 convertere
360 390 497 449 tractatu
530 388 625 472 digna
656 389 865 477 tructumque
889 407 973 471 quae
995 389 1206 471 polliceantur

142 493 289 574 impenso
312 490 413 555 labori
441 500 694 585 congruentem.t
712 546 716 551 .
737 478 797 567 Oui
827 514 962 557 numero
996 495 1205 558 adscribenda

143 584 301 680 imprimis
336 602 444 662 tentus
481 601 643 688 elegorum
677 581 713 665 ut
745 584 811 663 n'on
840 602 1075 683 corruptissimi
1098 608 1206 664 tamen

146 705 240 766 etium
266 723 354 766 nuno
377 698 553 787 permultos
577 687 754 790 scrupulos*
769 707 931 769 inicientis
951 727 1049 789 quam
1064 708 1207 769 maxima

144 810 332 872 emendatio.
380 808 451 884 Quo
474 813 509 873 in
532 813 729 875 restituendo
764 812 992 895 gravissimum
1019 813 1128 876 locum
1153 812 1207 874 ob-

144 917 248 979 tinent
282 935 320 979 ea
355 935 437 998 quae
473 918 597 1000 antiqui
631 920 799 1001 scriptores
834 937 876 980 ex
898 924 1010 1001 poetae
1034 938 1127 1001 opere
1151 939 1207 982 ex-

144 1029 373 1105 prompserunt
394 1023 427 1083 in
454 1043 551 1086 suurn
571 1044 668 1087 usum
685 1030 916 1088 convertentes.
962 1025 1088 1088 Horum
1105 1028 1207 1088 maxi-

145 1149 223 1191 mus
251 1147 421 1190 numerus:
452 1129 538 1211 apud
561 1128 764 1193 XXXXVII
788 1132 918 1193 omnino
943 1134 1112 1215 scriptores
1136 1152 1207 1196 seu-

128 1236 264 1309 tentiae
287 1233 507 1316 Theognideae
529 1242 701 1300 occurrunt
724 1242 756 1299 et
788 1237 873 1317 apud
905 1239 1010 1301 solum
1034 1239 1208 1303 Stobueum

145 1339 202 1402 LV
224 1341 286 1402 loci
304 1341 517 1403 inveniuntur
534 1339 688 1425 (exceptis
705 1344 751 1405 eis
767 1342 915 1405 versibus
929 1345 986 1424 qui
1002 1364 1067 1406 una
1080 1343 1208 1408 Stobaei

148 1446 371 1528 compilatione
395 1448 512 1509 servati
528 1453 611 1527 sunt,
635 1449 669 1509 in
687 1448 776 1509 codd.
797 1449 914 1510 nostris
929 1447 1066 1529 Theogn.
1083 1449 1208 1529 desunt,

147 1572 197 1612 vv.
225 1551 476 1634 1221-1226)‘;
512 1553 608 1616 simul
631 1554 806 1616 lectionum
831 1555 1015 1635 saepissime
1039 1553 1207 1615 diversitas

150 1677 216 1720 non
240 1659 358 1740 exigua
381 1663 412 1721 et
435 1658 474 1720 de
499 1679 562 1741 qua
590 1659 676 1722 haud
699 1660 743 1721 ita
775 1660 868 1721 facile
894 1664 978 1721 certo
1001 1660 1103 1741 possit
1121 1659 1207 1740 judi-

147 1762 251 1845 catil),
273 1765 318 1826 ita
342 1769 378 1826 ut
400 1784 503 1848 paene
525 1785 582 1848 pro
607 1784 690 1828 novo
707 1765 824 1847 codice,
848 1766 994 1828 aceteris
1010 1766 1128 1828 nostris
1142 1784 1207 1827 non

147 1871 309 1952 pendenti,
344 1870 377 1933 bi
399 1871 462 1935 loci
486 1872 675 1935 aestimandi
710 1874 781 1934 sint.
838 1871 962 1946 Quibus
986 1873 1024 1934 de
1048 1872 1155 1933 causis
1179 1875 1209 1932 et

149 1977 235 2058 quod
259 1978 321 2038 viri
356 1977 440 2040 docti
476 1978 514 2040 de
549 1979 687 2061 singulis
711 1997 770 2041 nec
803 1978 865 2042 sibi
897 1979 976 2061 ipsis
1005 1977 1211 2039 constantin

144 2083 267 2164 judicio
291 2101 351 2144 nec
374 2084 458 2144 inter
481 2103 514 2145 se
533 2086 748 2165 consentiunt,
771 2104 836 2147 non
854 2085 993 2146 alienum
1011 2083 1092 2146 duxi
1107 2082 1210 2142 omni-

148 2188 209 2250 bus
232 2188 289 2270 qui
313 2191 441 2249 exstant
464 2187 541 2250 locis
566 2189 671 2250 denuc
696 2190 817 2250 collatis
840 2189 1072 2268 recensitisque
1091 2186 1131 2248 ad
1148 2191 1210 2248 sta-

149 2293 330 2368 biliendum
362 2293 400 2355 de
428 2292 488 2354 hac
515 2312 550 2355 re
575 2294 614 2355 ad
638 2294 737 2356 crisin
760 2293 996 2376 Theognideam
1019 2293 1211 2374 gravissima

146 2399 308 2480 J'udicium
332 2400 666 2481 quantulumcumque
690 2401 750 2462 erit
773 2399 892 2462 afferre.

256 2503 299 2566 Et
333 2509 370 2567 ut
401 2505 440 2567 de
474 2505 573 2567 huius
606 2506 726 2586 incepti
756 2504 911 2567 subsidiis
934 2505 1024 2587 prius
1048 2504 1213 2568 absolvam

150 2612 275 2694 primus
299 2611 427 2694 collegit
451 2612 643 2693 scriptorum
665 2611 847 2673 testimonia
867 2630 950 2693 quae
973 2630 1087 2673 vocare
1106 2630 1213 2675 assue-

151 2723 230 2779 runt
252 2716 379 2779 Kallius
402 2719 437 2779 iu
461 2717 600 2780 editione
624 2737 651 2778 a.
677 2716 761 2778 1766
782 2717 875 2798 edita,
911 2737 975 2799 qua
1007 2718 1046 2780 de
1078 2737 1113 2781 re
1137 2718 1214 2780 dicit

152 2825 188 2884 in
211 2823 416 2905 praefatione,
440 2842 522 2905 quac
546 2823 603 2885 ubi
625 2842 712 2886 nunc
736 2823 901 2886 commode
932 2823 1093 2906 legeretur
1115 2841 1213 2904 supra

153 2929 313 2991 adnotavi.
373 2929 478 2991 Auxit
516 2929 735 2993 collectionem
773 2929 965 2993 Wclckcrus
1003 2931 1037 2991 in
1077 2928 1213 2992 editione

154 3034 197 3117 (p.
213 3036 253 3097 73
270 3055 373 3118 usque
395 3035 433 3097 ad
449 3055 479 3117 p.
500 3033 566 3119 78),
588 3037 682 3099 cuius
698 3037 801 3119 ipsius
818 3035 1012 3098 collectanea
1025 3032 1216 3117 amplificata

154 3146 360 3224 correctaque
377 3147 454 3204 sunt
477 3160 495 3203 a
510 3140 674 3206 Theodoro
689 3142 798 3226 Bergk
812 3143 847 3204 in
863 3147 1028 3224 poetarum
1040 3141 1215 3220 lyricorum

156 3246 351 3310 Graecorum
376 3267 517 3330 corpore,
543 3249 639 3311 cuius
663 3249 742 3311 alter
772 3253 879 3310 tomus
902 3245 1119 3330 Theognidem
1142 3264 1218 3307 ccn-

153 3355 235 3415 tinet
254 3353 383 3436 (prodiit
407 3353 455 3417 ed.
480 3353 531 3415 ill
547 3373 573 3415 a.
593 3352 701 3437 1866).
736 3351 798 3428 Qui
814 3354 988 3416 novissime
1000 3351 1219 3435 Theognidem

155 3461 317 3523 recensuit
340 3460 513 3543 ediditque,
536 3458 678 3522 Jacobus
693 3459 816 3541 Sitzler,
838 3460 914 3523 setis
937 3458 1052 3522 habuit
1075 3477 1112 3521 ea
1136 3476 1220 3540 quae

157 3568 317 3648 congessit
332 3565 493 3648 Bergkius
513 3565 693 3629 describere
711 3568 765 3648 ita,
790 3574 824 3629 ut
839 3568 908 3649 ipse
924 3566 1050 3628 nullum
1067 3565 1219 3626 volumen

159 3672 329 3736 evolveret.
379 3670 471 3746 Quod
494 3672 570 3737 inde
595 3679 733 3755 apparet,
757 3673 842 3755 quod
867 3690 989 3734 errores
1005 3671 1136 3754 Bergkii
1154 3689 1222 3731 om-

163 3975 168 3985 ,
265 3916 292 3982 1)
311 3916 364 3970 Cir.
383 3919 417 3971 A.
434 3916 518 3970 Kallii
542 3916 733 3985 praelationem
762 3917 795 3969 ad
818 3931 888 3983 spec.
913 3916 1148 3983 nov.edit1766
1173 3915 1223 3981 ed,

158 4001 190 4054 in
208 4003 345 4058 Wclckeri
363 4005 479 4075 prolegg.
498 4007 571 4074 tppis
590 4004 730 4072 repetitam
749 4021 773 4072 p.
793 4003 934 4059 CXXXlI.
