2692 4576
668 241 707 304 10

245 427 405 490 -Alterum
428 445 542 510 genus,
565 447 639 490 cum
662 429 754 492 tertio
781 433 889 490 nostro
913 442 1095 507 congruens
1117 444 1146 506 p.
1171 423 1215 485 26

151 534 284 616 exponit
300 531 547 596 Bernhardtius:
573 532 704 616 „Neque
720 538 826 596 tamen
842 533 892 595 his
913 530 1033 594 finibus
1057 530 1217 592 continuit

150 659 184 703 se
208 639 453 721 compilatorum
476 641 646 719 temeritas,
670 639 725 702 sed
741 640 869 722 longius
885 658 1062 721 progressa,
1087 643 1124 701 ut
1147 658 1215 702 uno

149 745 248 809 verbo
272 744 385 822 dicam,
409 763 450 808 ne
474 765 493 808 a
515 744 622 809 verbis
651 746 815 809 mutandis
844 748 975 829 quidem
1008 751 1039 808 et
1065 745 1216 809 versibus
1278 737 1280 739 ’

149 852 202 915 rel
224 850 404 915 inserendis
428 851 480 914 vel
502 852 792 933 praetermittendis
821 853 1047 917 abstinuerunt
1070 855 1127 936 illi,
1150 874 1216 937 quo

150 978 284 1023 sensum
322 958 360 1020 ad
401 962 588 1040 argumenta
627 959 768 1041 capitum
808 959 1114 1023 adcommodarent.“
1175 960 1212 1022 ln

151 1065 374 1148 exemplorum
386 1083 522 1149 numero
534 1063 611 1126 haec
626 1070 804 1128 memoratu
825 1065 1027 1149 dignissima:
1048 1065 1216 1150 Euripidis

152 1190 264 1234 versus
288 1190 330 1234 ex
353 1169 465 1233 Medea
488 1168 574 1248 (293.
602 1170 693 1251 294):

312 1267 347 1341 οὗ
370 1277 423 1340 νῦν
444 1297 485 1357 με
508 1278 649 1362 πρῶτον,
674 1270 756 1342 ἀλλὰ
780 1274 948 1357 πολλάκις,
973 1275 1085 1364 Κρέον,

309 1378 436 1469 ἔβλαψε
459 1378 553 1463 δόξα
575 1380 700 1469 μεγάλοι
723 1384 752 1447 τ’
776 1379 945 1469 εἴργασται
964 1381 1050 1448 κακά

105 1511 106 1517 “
153 1509 171 1552 a
195 1488 329 1570 Stobaeo
355 1489 427 1561 36,3
450 1491 484 1552 in
509 1491 611 1573 capite
634 1487 711 1575 περὶ
736 1481 930 1570 ἀδολεσχίας
951 1492 995 1553 ita
1028 1490 1217 1572 afferuntur⁷

151 1600 188 1658 ut
209 1614 267 1678 pro
292 1590 370 1675 δόξα
392 1596 518 1678 legatur
540 1596 702 1681 γλῶσσα.
828 1667 832 1673 ,

260 1700 383 1784 Fra-gm.
408 1722 450 1766 ex
472 1703 587 1766 Ixione
613 1703 683 1784 10,7
707 1705 741 1765 in
766 1703 867 1785 capite
890 1699 968 1787 περὶ
992 1695 1143 1780 ἀδικίαςε

238 1805 351 1886 Ὅστις
373 1804 433 1896 γὰρ
456 1806 524 1873 ἐπὶ
549 1804 591 1873 τὸ
615 1807 735 1874 πλέον
758 1804 860 1889 ἔχειν
882 1805 1002 1897 πέφυκ’
1027 1800 1114 1896 ἀνὴρ,

242 1907 333 1980 οὐδὲν
356 1919 467 2004 φρονεῖ
491 1911 621 1980 δίκαιον
644 1908 716 1980 οὐδὲ
736 1912 895 1999 sicilicum,

241 2018 352 2108 φίλοις
375 2022 404 2086 τ’
428 2013 567 2105 ἄμικτός
589 2020 660 2086 ἐστι
684 2020 740 2086 καὶ
764 2019 857 2109 πάσῃ
881 2017 986 2086 πόλει.

241 2129 285 2190 At
309 2129 380 2208 223
404 2130 439 2190 in
467 2130 568 2212 capite
592 2125 669 2215 περὶ
697 2121 895 2214 ὑπεροψίαςε

235 2226 348 2310 Ὅστις
371 2230 431 2319 γὰρ
454 2226 585 2298 ἀστῶν
608 2231 726 2298 πλέον
748 2230 854 2313 ἔχειν
876 2231 996 2321 πέφυκ’
1021 2226 1108 2322 ἀνήρ,

241 2336 353 2429 φίλοις
376 2339 404 2403 τ’
424 2329 562 2422 ἄμικτός
584 2337 655 2404 ἐστι
678 2337 735 2404 καὶ
760 2336 853 2428 πάσῃ
875 2335 980 2405 πόλει.

259 2446 301 2509 Et
327 2448 617 2530 praetermissionis
652 2447 784 2510 alterius
817 2467 931 2511 versus
967 2453 997 2510 et
1030 2447 1219 2510 mutationis

152 2553 248 2636 primi
271 2572 368 2616 causa
390 2553 559 2616 manifesta
583 2559 638 2618 est.

258 2659 337 2723 Inus
361 2660 472 2744 fragm.
500 2659 800 2740 reuomentem
830 2661 931 2743 capite
961 2657 1038 2748 περὶ
1067 2652 1214 2735 ἀδικίαςε

259 2762 335 2853 Rip
364 2791 427 2830 νον
454 2758 571 2830 ἕλκετ’
599 2756 625 2830 ὦ
648 2764 743 2831 uocaui
773 2761 873 2849 τιμὰς
895 2762 1018 2853 βροτοί,
1041 2767 1109 2832 κτλ.

155 2876 187 2934 at
211 2873 284 2954 93,4
306 2874 341 2935 in
365 2875 466 2956 capite
491 2869 595 2958 ψόγος
612 2869 754 2938 πλόοτοο
776 2875 945 2957 inscripto:

259 2977 338 3042 Καὶ
367 2981 429 3044 νῦν
451 2976 620 3066 ἐφέλκετ’
646 2969 672 3044 ὦ
695 2976 791 3044 κακοὶ
816 2976 915 3062 τιμὰς
936 2973 1049 3064 βροτοί
1071 2973 1138 3040 κτλ.

262 3083 352 3160 Quae
369 3087 517 3170 exempla
534 3087 683 3150 retulisse
699 3085 844 3150 sufficiet.
891 3084 1032 3150 Secundi
1056 3082 1143 3165 quod
1158 3101 1219 3145 nos

152 3191 322 3272 posuimus
356 3195 481 3275 generis
513 3194 548 3255 in
583 3197 724 3256 mentem
755 3212 821 3256 non
855 3193 946 3256 venit
975 3191 1044 3252 viro
1080 3190 1217 3272 egregio.

155 3299 200 3359 At
222 3297 255 3358 id
285 3317 414 3381 quoque
444 3299 530 3382 opud
554 3297 726 3362 Stobaeum
757 3300 896 3362 inveniri
924 3297 1136 3381 probaturum
1165 3296 1219 3358 m'e

156 3422 226 3467 esse
250 3423 349 3487 spero.

259 3509 462 3574 Nietaschius
508 3511 640 3574 alteram
679 3511 873 3576 Bernhardti
916 3510 1052 3574 classem
1094 3510 1219 3594 primus

153 3599 270 3698 optime
286 3616 434 3680 adhibuit
450 3617 488 3681 ad
502 3617 777 3701 Theognidearum
798 3617 972 3681 lectionum
989 3616 1218 3701 discrepantias

154 3723 385 3788 diiudicandus.
431 3723 473 3786 Et
495 3724 573 3787 haec
605 3724 733 3806 quidem
766 3724 943 3789 rectissime
971 3724 1130 3806 exposuit,
1157 3722 1219 3785 alia

152 3829 329 3894 aStobaeo
360 3829 503 3914 praebita
529 3849 660 3912 prorsus
687 3833 808 3895 iniuria
834 3829 987 3893 laudibus
1015 3829 1131 3892 extulit
1154 3826 1219 3909 (cfr.

153 3937 216 3999 1.1.
245 3957 274 4020 p.
301 3938 385 4018 188),
418 3956 482 4019 qua
513 3936 553 3999 de
586 3955 621 3999 re
655 3938 740 4001 inira
763 3936 899 4020 singulis
932 3936 966 3998 in
1005 3937 1085 4000 locis
1120 3936 1220 3998 disse-

152 4042 290 4105 rendum
313 4044 381 4106 erit.
