2692 4576
620 288 661 353 65

108 482 200 543 tanta
224 479 310 540 enim
330 475 557 560 perspicuitate
580 494 632 538 res
656 478 873 558 exponuntur,
895 484 931 538 nt
955 496 1020 539 nou
1048 478 1172 541 narrari

113 603 199 667 quae
222 588 307 666 gesta
331 588 417 660 sunt,
442 582 499 645 sed
521 600 590 644 rem
613 582 682 664 geri
704 602 837 664 prorsus
856 583 1029 646 existimes.

215 689 326 753 Altera
357 691 460 752 oritur
495 689 649 771 quaesti0,
680 696 791 751 utrum
818 687 1012 771 Theognidis
1046 690 1110 753 sint
1140 691 1173 751 hi

112 816 219 860 versus
243 816 355 878 necne,
379 801 410 859 et
434 797 461 859 si
484 795 582 858 huius
604 800 717 877 poetae
741 813 795 859 eos
819 813 890 858 esse
924 774 1072 877 negatur,
1105 797 1173 859 cui·

105 922 180 965 nam
203 902 304 966 tribui
334 902 479 966 debeant.
524 899 574 963 De
603 901 657 963 illo
689 900 847 965 dubitatio
876 920 947 965 esse
974 902 1031 963 rix
1054 908 1171 985 potest:

104 1008 175 1072 fieri
210 1011 300 1072 enim
324 1007 532 1071 nullomodo
558 1007 686 1070 videtur
718 1008 872 1090 potuisse,
904 1012 941 1071 ut
974 1006 1051 1071 truce
1084 1014 1173 1073 tanto

107 1116 230 1197 rigore,
252 1120 343 1177 tanta
365 1115 537 1195 alacritate,
569 1118 633 1177 tam
663 1114 735 1177 fuse
759 1115 876 1197 scripta
904 1119 1173 1195 maestusmoro·

110 1240 165 1282 sus
194 1219 382 1284 brevitatem
411 1241 507 1304 quam
531 1220 705 1283 maximam
734 1226 866 1283 secutus
890 1218 1090 1303 Megarensis
1117 1220 1173 1283 ille

110 1327 313 1408 optimatium
334 1328 440 1391 fautor
462 1326 638 1391 conficeret.
679 1325 780 1403 ‚Quod
809 1326 849 1389 ud
865 1325 1060 1389 firmandum
1075 1324 1172 1389 icut-

111 1422 217 1496 sehius
240 1434 259 1495 i.
282 1434 301 1496 Ι.
326 1436 420 1498 etiam
455 1454 496 1498 ex
531 1434 669 1497 dic-tione
696 1434 852 1516 prompsit
874 1438 1075 1515 argumenta,
1098 1432 1171 1513 qui·

108 1539 166 1613 bus
189 1545 296 1603 tamen
319 1546 350 1604 et
371 1561 487 1624 parum
513 1541 724 1603 demonstrari
752 1558 811 1602 nec.
835 1558 915 1621 opus
938 1538 1017 1600 mihi
1043 1537 1172 1601 ridetur

105 1665 181 1710 esse.
228 1647 291 1710 Sed
326 1650 457 1710 cuinam
492 1647 673 1709 tribuemus
695 1646 832 1707 versus?
879 1645 946 1706 Alii
976 1644 1078 1705 olium
1101 1662 1171 1707 csse

107 1758 273 1813 auctorem
306 1753 461 1832 suspicati
496 1755 586 1811 sunt:
621 1750 802 1812 Aristotelis
837 1755 869 1810 ct
894 1748 1061 1810 Plutarchi
1094 1749 1173 1811 locis

111 1875 209 1936 supra
233 1855 335 1936 dictis,
360 1855 478 1937 quibus
502 1874 531 1916 v.
556 1854 619 1915 472
644 1851 750 1915 Eueni
775 1855 903 1916 nomine
932 1853 1094 1917 adhibitus
1118 1862 1175 1931 est,

110 1962 175 2023 nisi
207 1960 366 2044 Bergkius
400 1966 504 2024 totum
541 1978 679 2040 carmon,
712 1958 915 2043 Hartungius
945 1980 974 2021 r.
998 1960 1173 2023 sot-474

111 2067 224 2131 Eueno
249 2068 425 2151 adsignant.
473 2064 564 2141 Quod
582 2070 808 2149 argumentum
823 2066 1078 2131 infirmissimum
1102 2086 1174 2133 csse

114 2173 309 2238 Leutschius
331 2175 352 2238 i,
376 2175 395 2237 l.
433 2174 671 2254 demonstravit,
703 2192 776 2235 cum
808 2178 865 2235 aut
885 2172 1021 2239 Euenus
1045 2194 1086 2238 ex
1114 2175 1174 2239 hoc

106 2281 206 2363 elegia
229 2301 343 2344 versus
368 2282 553 2363 sumpsisse,
586 2284 641 2342 aut
663 2284 808 2362 uterque,
839 2279 975 2344 Euenus
999 2288 1031 2345 ct
1053 2282 1170 2365 elegio·

102 2388 252 2470 grapbus,
276 2389 328 2451 cui
354 2388 389 2450 hi
412 2406 526 2450 versus
560 2386 725 2467 debentur,
760 2387 872 2449 eodem
905 2389 1039 2469 antiquo
1072 2408 1170 2451 versu

104 2495 158 2555 usi
182 2513 249 2557 esse
272 2496 378 2576 putari
401 2500 540 2578 possent.
587 2492 757 2556 Praeterea
781 2494 856 2575 quis
881 2493 923 2555 sit
951 2493 1005 2555 ille
1027 2492 1172 2569 Euenus,

104 2619 181 2661 cum
227 2600 445 2680 compluribus
487 2602 521 2662 in
565 2601 758 2681 antiquitate
798 2600 859 2661 hoc
907 2617 1026 2661 nomen
1065 2600 1171 2679 fuerit,

103 2705 265 2788 Bergkius
290 2709 321 2767 et
342 2703 547 2786 Hartungius
568 2706 652 2767 inter
675 2725 709 2768 se
733 2705 940 2768 dissentiunt.
977 2702 1172 2770 Leutschius

102 2833 132 2873 v.
151 2789 329 2873 'tou-474
352 2809 540 2893 Theognidi,
562 2814 674 2890 cetera,
697 2830 779 2893 quae
801 2816 840 2874 ut
855 2810 1034 2893 supradixi
1057 2813 1171 2879 intres

104 2923 210 2998 partes
235 2918 346 2998 secuit,
371 2937 509 2999 quarum
526 2916 648 2998 priores
672 2915 735 2978 duo
758 2916 849 2979 initio
865 2936 974 2980 carere
998 2919 1172 2999 contendit,

106 3022 219 3084 tribuit
242 3023 427 3103 Panyasidi,
451 3024 528 3086 satis
552 3020 758 3103 confidenter,
780 3026 812 3084 at
826 3024 1023 3106 argumentis
1035 3026 1170 3089 minime

107 3127 216 3191 firmis.
264 3128 423 3210 Equidem
455 3129 538 3191 hane
569 3132 668 3190 totam
702 3129 935 3210 quaestionem,
962 3148 1035 3193 cum
1075 3151 1169 3197 omne

106 3235 146 3296 de
170 3253 207 3297 ea
229 3235 386 3297 iudicium
414 3235 449 3296 in
472 3235 697 3298 incertissimis
732 3234 924 3298 coniecturis
952 3237 1095 3317 positum
1118 3239 1170 3317 sit,

100 3343 136 3404 iu
152 3342 258 3405 medio
274 3340 524 3424 relinquendam
549 3360 619 3405 esse
635 3360 750 3406 censeo
773 3346 939 3424 artemque
953 3342 1168 3408 adhibendam

99 3450 274 3512 nesciendi.

206 3554 267 3618 His
289 3557 475 3639 praemissis
496 3557 562 3618 iam
574 3556 613 3619 de
627 3556 776 3619 lectionis
792 3554 1014 3638 discrepantiis
1030 3556 1170 3619 dissera-

105 3675 187 3738 mus,
208 3680 290 3742 quae
312 3663 348 3725 in
370 3661 420 3726 his
444 3661 593 3725 versibus
616 3663 700 3745 apud
716 3664 920 3727 Athenaeum
943 3664 1166 3729 inveniuntur.

211 3782 241 3828 v.
266 3766 337 3831 467.
360 3767 440 3831 469;
464 3766 556 3849 VIII,
579 3767 654 3850 364,
677 3766 709 3831 O.
755 3789 785 3833 v.
812 3770 876 3833 467
901 3770 1019 3833 Athen.
1043 3766 1170 3855 μηδένα

102 3864 189 3958 μήτ’
213 3861 362 3951 ἀέκοντα,
385 3894 461 3939 cum
490 3876 526 3937 in
548 3872 731 3958 Theognide
759 3875 887 3960 legatur
909 3871 1033 3964 μηδένα
1059 3873 1168 3938 τῶνδ’

103 3968 248 4041 ἂέκαντα.
293 3975 440 4043 Dubitari
461 3981 541 4043 mihi
555 3980 685 4044 videtur
706 4001 774 4046 non
787 4001 893 4066 posse,
916 3982 997 4064 quin
1021 3981 1170 4045 consulto

98 4084 291 4147 Athenaeus
326 4084 362 4146 in
392 4084 485 4149 illum
518 4088 651 4151 modum
682 4107 814 4153 versum
846 4088 1028 4152 mutaverit
1082 4085 1168 4153 Nam

954 4205 971 4259 5
