2692 4576
650 263 691 328 58

137 463 202 507 non
231 445 422 511 dubitarem.
470 447 513 512 ut
535 450 681 514 similiter
704 456 801 535 atque
829 471 887 537 ego
914 453 1071 518 iudicavit
1095 454 1213 520 Heim-

137 551 280 616 soethius
302 554 323 617 1.
343 554 363 616 l.
386 553 444 630 HI,
467 575 497 638 p.
522 556 573 620 12.
596 557 646 622 13.

242 658 457 724 Transeamus
501 661 541 724 ad
570 661 915 747 Xenophontem,
954 667 1009 748 qui
1043 666 1092 730 his
1128 668 1211 734 loois

137 784 218 829 usus
242 771 302 829 est:

246 892 275 935 v.
301 872 450 935 35-36
475 872 535 954 bis,
558 873 730 938 Memorab.
754 875 781 957 Ι,
803 876 832 958 2,
856 876 899 940 20
924 884 955 943 et
971 878 1104 943 Conviv.
1130 881 1159 961 2,
1179 883 1209 946 5.

138 975 233 1040 Prior
263 979 355 1042 loeus
389 980 572 1064 exscriptus
605 980 782 1046 aStobaoo
807 985 859 1065 29,
885 985 935 1066 95,
966 985 1116 1050 versibus
1140 1007 1210 1050 non

138 1085 279 1150 variatis.
320 1107 349 1151 τ.
392 1087 433 1149 35
473 1092 609 1173 utroque
643 1089 713 1152 loco
746 1111 804 1175 pro
838 1088 1009 1178 μαθήσεαι
1046 1089 1209 1174 διδάξεαι,

138 1209 168 1254 ν.
214 1211 311 1274 supra
357 1213 387 1276 p.
423 1193 472 1256 55.
517 1232 559 1240 —
601 1216 630 1257 v.
663 1197 704 1259 36
748 1201 884 1278 utroque
928 1199 998 1262 loeo
1037 1202 1208 1288 oqquypg.

137 1295 233 1359 Unus
265 1299 353 1361 solus
377 1298 636 1364 Memorabilium
668 1303 781 1384 eaden,
811 1303 980 1369 Parisinus
1007 1304 1092 1368 1302
1120 1313 1208 1371 recte

138 1399 326 1491 urppr'oypg.
374 1404 412 1466 V.
438 1426 537 1488 supra
560 1426 589 1489 p.
617 1408 668 1472 56.

243 1528 271 1570 r.
298 1510 461 1572 183-1
478 1513 528 1574 90
547 1515 632 1597 apud
645 1513 826 1598 Stobaeum,
843 1516 958 1598 88,14.
983 1518 1023 1583 V.
1035 1539 1064 1601 p.
1080 1520 1120 1581 15
1134 1539 1204 1603 sqq.

351 1616 506 1702 Sequitur
528 1620 780 1687 Aristoteles.

244 1743 272 1786 v.
302 1721 350 1785 14
372 1724 444 1790 Eth.
475 1727 557 1792 Eud.
583 1727 656 1811 VH,
693 1730 740 1793 10.
773 1729 872 1793 Nulla
895 1731 1027 1795 maioris
1051 1735 1207 1796 momenti

139 1828 364 1913 discrepantia.
1267 1881 1270 1885 .

246 1959 274 2000 v.
300 1940 345 2002 35
379 1942 451 2006 Eth.
486 1943 609 2007 Nisam.
644 1943 704 2025 lx,
740 1943 788 2007 12.
823 1937 841 2031 ἡ
876 1944 912 2008 tle*
947 1947 1013 2010 τῶν
1047 1942 1208 2008 ἐπιεικῶν

138 2041 260 2131 (φιλία)
285 2044 442 2136 ἐπιεικὴς,
468 2046 720 2136 σοναιξανομένη
744 2053 818 2126 ταῖς
842 2043 995 2131 ὁμιλίαις·
1016 2050 1147 2114 δοκοῦσι
1168 2049 1206 2114 δὲ

137 2148 193 2213 καὶ
206 2147 352 2232 βελτίους
365 2148 518 2234 γίνεσθαι
531 2152 726 2237 ἐνεργοῦντες
741 2152 797 2217 καὶ
815 2155 1022 2237 διορθοῦντες
1037 2145 1202 2234 ἀλλήλους·

138 2248 389 2336 ἄιτομάττσνται
413 2252 473 2339 γὰρ
497 2249 575 2340 παρ’
601 2250 747 2342 ἀλλήλων
771 2248 821 2332 οἷς
843 2249 1043 2338 ἀρέσκονται,
1068 2246 1148 2315 ὅθεν

394 2352 543 2424 'Erotion
564 2360 623 2443 μὲν
646 2356 706 2446 γὰρ
729 2352 791 2422 ἃττ’
815 2354 928 2422 ἐσθλά.

244 2466 314 2532 Ηοο
346 2487 387 2531 ex
417 2467 487 2529 loco
519 2463 677 2549 Bergkius
705 2464 809 2528 effecit
839 2467 1016 2550 (usupra)
1044 2467 1079 2527 in
1102 2464 1202 2529 Theo-

137 2575 234 2658 gnide
267 2596 323 2658 pro
355 2569 525 2661 μαθήσεαι
555 2571 727 2655 legendum
762 2589 833 2634 esse
870 2562 1068 2654 ἀιτομάξεαι.
1126 2572 1202 2635 Per-

137 2702 260 2766 peram:
287 2702 360 2745 nam
376 2682 515 2763 primum
536 2677 671 2741 verbum
688 2669 948 2760 ἀπομάττεσθαι
964 2679 1024 2742 hao
1040 2678 1201 2762 significa-

137 2791 225 2852 tione
258 2809 276 2850 a
308 2784 538 2850 recentioribus
573 2785 702 2849 demum
736 2791 910 2870 usurpatur
941 2788 989 2866 (ut
1012 2786 1052 2848 ab
1077 2786 1201 2848 Aristo-

137 2896 244 2978 phane
266 2895 301 2954 in
324 2891 424 2954 Ranis
448 2911 478 2955 v.
506 2893 593 2956 1039
616 2892 732 2977 Bergk.
750 2886 829 2957 ὅθεν
844 2885 910 2981 ἡμὴ
927 2887 1010 2981 φρὴν
1026 2885 1202 2972 ‹irrepugn-

137 2998 216 3086 μένη
257 2992 383 3074 πολλὰς
420 2994 537 3085 ἀρετὰς
569 2995 743 3088 ἐποίησεν),
775 3019 940 3083 nusquam
977 3004 1081 3063 exstat
1115 3000 1201 3082 apud

142 3106 355 3188 antiquiores3
395 3125 455 3170 neo
501 3113 612 3191 aptum
652 3105 845 3169 vocabulum
886 3107 926 3168 ad
965 3106 1097 3189 elegiaci
1135 3125 1202 3168 ser·

138 3213 242 3277 uronis
265 3214 470 3295 gravitatem3
495 3219 563 3276 tum
581 3234 623 3277 ex
646 3232 692 3293 eo,
716 3212 803 3295 quod
817 3213 1003 3276 Aristoteles
1018 3215 1085 3295 ipse
1102 3212 1201 3275 verbo

138 3314 396 3400 ἀπομάττεσθαι
423 3323 533 3401 utitur,
557 3326 642 3383 certe
667 3321 883 3402 sequitur,.ut
905 3320 974 3382 loeo
991 3320 1119 3382 laudato
1135 3339 1202 3383 non

137 3427 222 3490 idem
246 3427 365 3510 legerit.
416 3425 558 3488 Maxime
580 3427 681 3508 igitur
709 3427 816 3506 miror,
850 3425 936 3508 quod
959 3425 1201 3490 Heimsoethius

137 3534 156 3596 l.
175 3534 192 3595 l.
217 3533 275 3615 111,
298 3555 327 3616 p.
349 3534 390 3595 18
414 3532 544 3616 Bergkii
569 3524 788 3596 coniecturam
812 3534 938 3595 vocavit
966 3535 1135 3615 egregiam.
1158 3568 1202 3580 -

248 3662 274 3704 v.
303 3641 434 3703 125·-
447 3640 532 3702 126.
565 3638 635 3702 Eth.
661 3638 741 3702 Eud.
758 3639 831 3716 VII,
849 3641 876 3701 2.
900 3659 930 3702 r.
959 3640 1020 3700 125
1040 3640 1201 3717 Aristotel.

136 3739 257 3834 οὐγὰρ
281 3741 320 3811 lia
343 3742 470 3834 εἰδείης,
494 3746 630 3830 Theogn.
657 3746 747 3810 codd.
774 3747 803 3808 A
829 3745 854 3808 O
883 3737 955 3810 οὐδὲ
980 3739 1040 3830 γὰρ
1073 3740 1200 3832 εἰδείης.

140 3854 288 3919 Editores
312 3872 424 3917 omnes
448 3872 511 3934 qua
546 3871 645 3915 eausa
680 3853 811 3915 adducti
833 3852 1037 3914 Aristotelem
1062 3853 1127 3914 sint
1154 3871 1204 3915 se·

138 3963 214 4042 euti,
236 3981 352 4044 parum
374 3959 533 4043 intellege.
579 3959 664 4022 Nam
697 3960 858 4042 optativus
889 3960 959 4022 sine
982 3948 1022 4021 ἄν
1051 3959 1091 4022 iis
1114 3959 1203 4040 loom,

138 4068 195 4131 ubi
219 4069 380 4150 optativus
404 4085 478 4129 oum
502 4055 542 4129 ἷὶν
565 4068 702 4130 usitatus
726 4071 782 4142 est,
815 4070 846 4128 et
869 4063 908 4127 ab
932 4063 1073 4128 Homero
1098 4084 1202 4148 saepe,
