2692 4576
649 322 691 386 67

128 531 236 576 eausa
262 513 467 596 participium
502 513 653 575 videatur
684 511 919 595 desideratum,
950 517 988 576 ut
1020 514 1203 580 Ahrensius

124 618 343 683 scribendum
378 619 505 682 censuit
540 607 605 682 οὔτ’
639 613 689 682 ἔνι
722 612 762 703 δή
795 612 1000 706 νήφων...
1026 671 1033 686 .
1061 615 1202 703 μεθύων,

125 724 327 799 leutschius
363 712 436 788 οήτέ
458 748 492 788 τι
530 719 698 811 νηφαίνων
725 713 796 789 odire
833 720 907 813 λίην
921 721 1061 808 μεθήων,
1087 728 1203 810 quain

135 832 359 896 emendatione
387 825 535 918 νηιμνίνω
558 830 696 893 verbum
720 831 791 894 aliis
817 831 895 895 loeis
918 851 984 897 non
1011 837 1202 916 usurpatum

124 938 350 1021 ,suspicionem
384 936 476 999 affert
504 934 574 1020 (cfr.
599 935 743 1000 Eustath.
773 937 813 1000 ad
836 936 872 1000 Il.
902 941 940 1018 Ψ,
966 938 1027 1001 381
1052 958 1082 1021 p.
1107 935 1204 1020 1306,

132 1042 195 1106 32:
229 1035 313 1106 οὕτω
343 1039 378 1106 δὲ
406 1036 463 1105 σὺν
486 1031 597 1119 ἄλλοις
620 1041 757 1120 πολλοῖς
779 1037 817 1106 τὸ
841 1038 942 1132 νήφω·
961 1043 1017 1109 τοῦ
1045 1040 1202 1131 νηωαίνω,

134 1136 173 1213 οὗ
195 1143 339 1236 χρήσεως
362 1148 504 1235 φανερᾶς
517 1142 563 1234 μή
581 1137 675 1236 οήσης
687 1141 774 1230 ὅμως
796 1144 940 1237 ἔμφασις
962 1145 1087 1234 γίνεται
1110 1146 1202 1237 παρὰ

133 1255 185 1340 τῷ
212 1254 473 1342 ὁειωνοσοφισνῇ
503 1251 536 1317 ἐν
564 1254 613 1340 τῷ
636 1249 829 1342 νηφαννὸν
855 1252 912 1320 καὶ
941 1245 1081 1337 λίθινον).
1126 1257 1203 1339 Alii,

135 1361 225 1443 quod
253 1365 347 1424 antea
376 1353 442 1448 ήξω
470 1364 697 1439 mutaverunt·
721 1362 807 1424 hune
843 1381 971 1444 quoque
1004 1381 1135 1426 versum
1167 1364 1202 1426 in

134 1467 232 1530 aliam
265 1468 400 1531 formam
431 1467 576 1551 redigere
608 1470 711 1532 eoacti
734 1472 820 1545 sunt,
856 1473 894 1532 ut
916 1468 1085 1553 Berghius,
1109 1471 1202 1533 ouius

132 1573 391 1638 emendationem
420 1594 517 1657 supra
540 1575 725 1657 memoravi,
749 1579 780 1638 et
802 1573 1017 1658 Hartungius‚
1047 1577 1104 1659 qui
1127 1595 1202 1639 oon-

132 1681 210 1743 iecit
244 1677 305 1760 ἔξω
334 1729 469 1743 .....
495 1670 566 1744 οὔτε
601 1676 674 1768 λίην
710 1676 821 1768 νήφων
849 1671 920 1744 εἴτε
949 1675 1022 1768 λίην
1060 1677 1201 1764 μεθύων,

132 1786 221 1868 quod
243 1790 373 1868 propter
398 1785 449 1848 bis
472 1788 613 1869 positum
636 1782 709 1874 λίην
738 1787 879 1848 maxime
905 1787 1105 1869 ineleganter
1128 1806 1202 1850 oon-

133 1893 253 1954 ieotum
283 1896 339 1954 est.
393 1890 554 1974 Equidem
591 1911 702 1956 omnes
740 1893 798 1955 has
837 1892 1074 1957 emendationes
1107 1894 1202 1977 plane

131 1999 290 2081 gratuitas
313 2015 419 2079 neque
455 1998 632 2080 quidquam
659 1999 695 2063 in
726 2001 918 2081 optimorum
945 1999 1035 2062 oodd.
1066 2000 1202 2066 lectione

133 2103 326 2166 mutandum
368 2122 439 2167 esse
481 2123 605 2168 censeo.
662 2105 849 2169 Athenaeus
883 2125 998 2189 parum
1034 2107 1203 2190 diligenter

134 2210 240 2272 attulit
263 2214 294 2272 et
309 2211 344 2272 in
362 2210 502 2274 deterius
519 2212 658 2274 mutavit
675 2211 794 2274 locum:
819 2202 889 2294 εἶμι
913 2213 998 2275 enim
1021 2213 1112 2276 verbi
1127 2234 1201 2277 oum

131 2309 199 2403 ήξω
224 2314 291 2400 (vel
320 2317 406 2399 apud
430 2337 505 2380 eum
528 2310 611 2406 ήκω)
636 2317 835 2382 desideratur
850 2320 1041 2384 coniunctio.

240 2444 270 2484 v.
295 2423 369 2485 479.
415 2424 533 2487 Athen.
556 2443 614 2508 pro
639 2415 745 2488 οὐκέτι
768 2427 873 2502 κεῖνος
889 2416 945 2489 οὐκ
961 2419 1004 2488 ἔν’
1021 2421 1143 2504 ἐκεῖνος
1165 2433 1202 2491 ut

133 2528 291 2591 Stobaeus
315 2538 365 2610 ÷‚
389 2531 475 2610 quod
498 2528 619 2608 ἐκεῖνος
636 2531 739 2594 forma
762 2535 955 2595 assueverat.

241 2653 270 2694 v.
295 2634 369 2698 480.
416 2636 533 2699 Athen.
580 2639 637 2724 τῆς
660 2629 756 2702 αὐτοῦ
783 2633 932 2724 γνώμης
954 2631 1107 2723 καρνερὸς
1130 2636 1203 2702 οὐδὲ

136 2735 217 2818 νόον,
241 2738 378 2822 Theogn.
408 2741 483 2802 iibri
510 2738 664 2831 γλώσσης.
694 2745 738 2816 †.
769 2745 929 2808 Athenaei
954 2744 1047 2806 lectio
1074 2748 1204 2827 propter

135 2865 276 2929 sequens
299 2846 436 2910 verbum
460 2843 532 2911 νόον
554 2849 656 2912 multo
680 2850 825 2916 deterior.

242 2974 272 3015 ι’.
297 2954 362 3015 483
385 2956 420 3016 in
443 2954 582 3038 Theogn.
601 2949 639 3019 τὸ
656 2951 737 3042 πρὶν
751 2951 814 3020 ε’ὠν
829 2952 972 3044 σώφρων
987 2951 1060 3020 τότε
1076 2951 1202 3045 νήπιος,

137 3060 255 3122 Athen.
283 3082 314 3122 ιε
338 3057 394 3122 καὶ
418 3049 519 3148 ήντιος
545 3069 590 3139 †.
616 3063 660 3124 At
682 3061 829 3126 Leutsoh.
846 3062 886 3125 ab
902 3063 1069 3127 Athenaeo
1092 3083 1203 3127 veram

137 3167 307 3228 lectionem
343 3174 500 3229 servatam
534 3187 604 3232 esse
639 3172 763 3232 censet:
804 3187 845 3231 ex
873 3169 1007 3232 ehiasmi
1036 3171 1122 3234 euim
1146 3173 1204 3254 qui

138 3273 256 3335 dieitur
279 3271 383 3354 figura
417 3274 504 3336 haud
535 3275 580 3337 ita
614 3294 686 3338 raro
711 3273 852 3338 adhibita
879 3264 980 3361 ήνιιος
1006 3279 1115 3340 versui
1139 3279 1201 3339 481

135 3380 293 3461 μεθεῖναι
336 3378 365 3441 d’
407 3371 597 3462 ἀπάλαμνα,
637 3376 678 3445 τὰ
735 3377 854 3470 νήφοσι
901 3377 1025 3466 γίνεται
1074 3378 1202 3469 αἰσχρά,

137 3485 279 3575 σώηρων
302 3488 413 3550 tersui
437 3489 501 3549 482
526 3483 672 3553 αἰδεῖται
696 3488 725 3554 δ’
754 3486 856 3574 ἔρδων
880 3480 969 3553 οὐδὲν
999 3482 1076 3553 ὅταν
1098 3485 1203 3576 μειλίνη

50 3650 55 3659 .
137 3595 339 3676 respondere.
401 3592 494 3668 Quod
539 3593 703 3660 Leutsehii
745 3601 962 3659 commentum
1004 3597 1203 3680 ingeniosius

140 3723 237 3783 quam
261 3704 370 3767 verius
395 3706 450 3763 est.

247 3829 277 3871 v,
303 3809 369 3876 485,
393 3828 457 3889 qua
481 3808 520 3870 de
544 3827 641 3873 eausa
653 3809 840 3874 Athenaeus
863 3829 920 3894 pro
937 3800 1029 3896 ἀλλ’ἢ
1052 3806 1132 3895 πρὶν
1146 3832 1204 3892 με-

140 3909 235 3978 θύειν
257 3916 417 3997 posuisset
448 3914 529 4004 πρὶν
555 3911 691 4001 μεθύειν
719 3907 798 4005 ἶν’ρξη
829 3916 857 3980 δ’
887 3916 1022 3998 exposui
1044 3936 1074 3998 p.
1100 3916 1150 3979 13.
1175 3917 1203 3981 δ’

140 4025 213 4104 post
236 4020 372 4085 verbum
395 4013 473 4112 ἶν’ρξη
497 4025 630 4108 addidit,
652 4029 689 4088 ut
710 4025 820 4088 hiatus
842 4024 926 4085 inter
950 4009 1028 4109 ἷιῖρξη
1052 4027 1083 4086 et
1099 4013 1205 4088 ἄνταν-

141 4123 259 4192 r'orooo
285 4129 443 4192 vitaretur.

993 4245 1026 4300 5*
