2708 4574
697 243 717 307 6

283 432 312 513 3)
337 430 492 495 Consulto
516 429 598 493 fiunt
621 433 824 512 mutationes,
847 435 885 493 ut
908 430 947 493 ad
970 431 1079 494 locum
1103 429 1159 493 ubi
1183 431 1240 493 ad·

174 537 303 602 hibetur
327 537 585 601 accommodetur
609 539 775 602 sententia.
800 536 901 600 Cuius
924 537 971 599 rei
991 536 1094 599 multa
1110 538 1240 600 notissi-

173 663 291 727 maque
304 649 433 708 exstant
444 644 599 726 exempla.
615 643 715 708 Velut
724 643 846 708 Seneca
855 643 1063 726 philosophus
1074 643 1239 706 Aeneidos

174 747 298 830 versull

334 856 398 920 heu
433 860 518 918 terra
552 856 662 938 ignota
698 854 833 918 canibus
869 855 941 918 data
974 855 1091 937 praeda
1114 853 1239 919 Latinis

386 960 595 1043 (alitibusque
617 962 703 1025 iaces
727 1012 733 1026 .
760 1009 766 1022 .
791 1009 797 1023 .
823 964 862 1033 .)

172 1069 206 1130 in
230 1065 400 1151 epistolis2)
433 1069 479 1130 ita
506 1068 609 1131 utitur
632 1072 667 1130 ut
691 1067 787 1130 dicat:
814 1075 943 1148 ‚utrum
958 1069 1136 1150 proiectum
1161 1066 1233 1151 (sol.

173 1193 291 1255 corpus
314 1173 447 1252 mortui)
472 1193 548 1237 aves
572 1172 720 1236 differant
743 1193 784 1236 an
808 1179 1017 1236 consumatur

435 1279 570 1342 canibus
594 1279 668 1341 data
690 1279 808 1362 praeda
830 1280 973 1357 marinis,

174 1385 251 1468 quid
285 1385 325 1449 ad
360 1385 453 1449 illum
490 1386 545 1467 qui
579 1385 735 1449 nullusi'
781 1385 895 1448 Itidem
930 1385 1157 1451 celeberrimus
1180 1388 1237 1450 ille

172 1489 328 1571 Aeschyli
350 1510 464 1556 versus
487 1493 522 1554 in
546 1491 628 1574 Sept.
654 1491 723 1556 adv.
748 1490 842 1555 Theb.
868 1490 1111 1575 (513Hermp

333 1588 450 1683 οὐγὰρ
474 1596 581 1661 δοκεῖν
604 1587 746 1684 ἄριστος,
771 1589 839 1661 ἀλλ’
864 1590 949 1662 εἶναι
972 1596 1065 1662 θέλει

172 1702 423 1787 ascriptoribus
458 1703 552 1766 modo
586 1710 623 1767 ut
656 1705 795 1787 scriptus
824 1710 872 1768 est
894 1725 913 1767 a
936 1710 1036 1789 poeta,
1070 1704 1164 1767 modo
1187 1705 1233 1767 ita

171 1808 310 1891 affertur,
345 1814 382 1874 ut
415 1815 544 1894 propter
577 1829 711 1874 sensum
744 1828 802 1893 pro
830 1811 926 1874 verbo
957 1801 1090 1898 ἄριστος
1112 1816 1236 1894 ponant

172 1911 313 1994 δίκαιος,
360 1936 379 1979 a
410 1916 595 1996 Plutarcho,
637 1918 693 2000 qui
727 1915 857 1980 duobus
892 1936 928 1981 eo
974 1919 1078 1981 utitur·
1115 1915 1236 1999 locis3¹,

172 2027 309 2104 utraque
343 2022 456 2103 forma,
489 2024 536 2086 eis
571 2040 654 2105 quae
682 2027 856 2086 narrantur
879 2028 1015 2106 aptatus,
1050 2045 1114 2106 qua
1137 2025 1176 2088 de
1198 2044 1233 2088 re

172 2129 299 2211 egregie
328 2128 480 2192 disseruit
502 2127 714 2192 Hermannus
750 2129 785 2190 in
814 2130 1018 2193 adnotatione
1042 2130 1081 2192 ad
1106 2131 1136 2195 h.
1161 2127 1233 2214 v.4).

171 2232 243 2297 Hoc
267 2235 397 2298 tertium
420 2253 524 2318 genus
547 2253 613 2297 non
630 2252 756 2317 semper
770 2235 863 2299 facile
880 2235 983 2299 estad
1000 2235 1235 2300 dinoscendum

172 2339 490 2424 diiudicandumque,
515 2346 546 2405 et
568 2342 602 2404 in
622 2339 757 2404 Stohaeo
774 2343 914 2405 maxime
930 2341 1069 2406 difficilis
1086 2344 1234 2425 quaestio

171 2447 306 2528 exsistit,
334 2454 493 2530 quantum
516 2447 629 2511 talium
652 2448 868 2510 mutationum
891 2447 1098 2512 tribuendum
1123 2450 1153 2512 ei
1177 2450 1232 2512 sit:

171 2573 269 2636 qua-m
293 2555 374 2636 quin
397 2574 462 2618 non
486 2553 633 2618 vitaverit
656 2553 844 2636 compilator
866 2555 1036 2654 licentiam,
1066 2574 1102 2617 er
1131 2554 1233 2618 Bern-

170 2660 288 2724 hardtii
311 2660 485 2724 Nietasohii
508 2660 625 2725 Hensii
649 2659 921 2743 disputationibus
946 2659 1086 2724 dubitari
1110 2663 1231 2744 nequit.

276 2765 383 2829 Trium
408 2767 524 2831 horum
548 2769 764 2831 mutationum
786 2786 940 2852 generum
967 2768 1023 2850 qui
1046 2786 1168 2830 memor
1185 2767 1231 2828 lo·

170 2890 281 2936 oorum
297 2873 503 2936 laudatorum
519 2873 705 2958 aggreditur
720 2875 872 2938 lectiones
885 2873 1107 2952 aestimandas,
1119 2889 1231 2934 vereor

170 2996 211 3042 ne
245 2979 356 3042 minus
390 2977 494 3043 bonae
527 2980 631 3064 frugis
667 2999 708 3044 ex
740 2981 779 3043 iis
813 2979 1053 3063 percipiendum
1077 2997 1146 3042 esse
1170 2977 1231 3042 sibi

168 3084 361 3168 persuadeat
384 3105 483 3169 quam
507 3086 613 3150 adhuc
636 3088 903 3151 existimaverunt
925 3087 1072 3169 plerique
1107 3083 1149 3148 Et
1171 3085 1232 3148 hoc

169 3191 266 3254 etiam
297 3209 389 3273 spero
424 3211 476 3256 me
509 3191 731 3276 probaturum,
764 3213 868 3276 pauca
902 3212 939 3256 ea
967 3211 1050 3276 quae
1072 3192 1174 3255 latent
1196 3193 1232 3254 in

167 3297 360 3365 testimoniis
394 3298 527 3361 meliora
556 3299 705 3362 codicum
727 3299 865 3382 Theogn.
890 3303 1072 3362 nostrorum
1096 3298 1234 3362 lectione

167 3408 318 3486 corrupta
354 3404 432 3467 talia
470 3423 549 3486 esse,
587 3424 670 3487 quae
708 3405 858 3470 facillime
893 3405 1077 3469 coniectura
1105 3408 1233 3489 possint

166 3511 292 3574 restitui
316 3515 346 3575 et
368 3528 403 3573 re
427 3529 504 3573 vera
526 3513 642 3592 partim
666 3513 736 3576 sine
759 3512 890 3575 illorum
913 3529 972 3593 ope
987 3513 1091 3575 textui
1107 3513 1234 3576 reddita

167 3616 239 3679 sint.
295 3613 388 3692 Quod
420 3615 494 3679 libri
530 3615 725 3683 Mutinensis
759 3620 902 3682 maxime
936 3618 1083 3700 egregiae
1120 3618 1233 3681 virtuti

166 3740 272 3750 -.-.—...

273 3791 300 3861 1)
317 3791 367 3859 IX,
385 3789 447 3845 485.

272 3881 300 3946 2)
319 3880 362 3948 92,
376 3880 417 3934 34.

272 3968 300 4037 3)
319 3967 360 4021 De
379 3967 440 4026 aud.
459 3969 528 4035 poet.
547 3984 572 4036 p.
592 3968 627 4023 32
645 3969 668 4021 Ε
687 3969 789 4024 atrita
807 3970 918 4024 Aristid.
938 3987 961 4025 c.
980 3970 1005 4024 3.

271 4055 299 4125 4)
317 4055 350 4109 In
368 4056 431 4110 edit.
450 4054 503 4113 vol.
521 4054 563 4109 11²
581 4073 606 4125 p.
626 4059 679 4115 315
697 4073 754 4127 sqq.
