2692 4576
642 253 684 318 55

132 442 270 524 Theogn.
304 440 424 503 auxilio
456 445 572 522 negato
605 459 683 503 sana
705 441 809 505 forma
831 442 888 503 vix
910 441 950 503 iis
972 439 1064 503 reddi
1086 441 1196 522 possit.

61 552 66 561 “
134 548 194 612 on.
220 569 248 609 v,
275 548 345 610 183.
368 547 443 618 226.
471 547 542 609 501.
568 546 641 609 640.
666 547 738 610 648.
764 548 837 612 691.

239 653 288 718 De
321 653 456 717 Stobaeo
495 654 595 736 igitur
629 653 863 734 disquisitionis
898 657 1027 717 nostrae
1060 658 1196 718 eventus

131 763 183 825 510
218 767 274 842 035,
314 760 431 822 nihil
462 778 594 842 prorsus
627 760 772 822 utilitatis
808 778 882 822 eum
915 759 954 822 ad
976 759 1196 843 Theognidem

132 869 252 932 afferre.
278 906 320 914 -

237 976 290 1038 Ad
319 975 462 1056 reliquos
496 993 571 1056 ergo
607 974 777 1056 scriptores
809 973 873 1034 iam
906 977 1118 1053 transeamus
1154 991 1197 1036 ex

129 1080 310 1165 temporum
335 1081 445 1143 ordine
468 1085 504 1143 ut
528 1100 625 1162 supra
648 1080 792 1144 diximus
815 1081 1003 1144 tractandos

237 1188 493 1270 Antiquissimus
527 1206 640 1250 eorum
672 1186 799 1251 Plato
832 1192 888 1268 est,
921 1187 1007 1270 apud
1040 1205 1137 1268 quem
1160 1185 1194 1247 hi

129 1297 192 1359 1001
214 1296 383 1378 leguntur:

170 1453 173 1459 .
236 1422 265 1462 v.
292 1397 466 1462 33-36.
502 1398 598 1462 Meno
623 1400 664 1462 95
688 1398 726 1462 D.
772 1422 803 1465 v,
830 1403 871 1464 33
894 1400 1033 1482 Theogn.
1059 1398 1149 1462 codd.

181 1505 239 1572 καὶ
262 1501 359 1590 μετὰ
384 1507 492 1568 τοῖσιν
515 1508 592 1568 πῖνε
615 1503 671 1570 καὶ
695 1503 791 1572 ἔσθιε
814 1505 871 1572 καὶ
894 1500 1000 1589 μετὰ
1024 1508 1140 1568 τοῖσιν.

235 1613 326 1677 Plato
351 1611 408 1678 καὶ
433 1608 546 1699 παρὰ
571 1637 598 1676 τ.
623 1651 666 1658 -
690 1611 746 1677 καὶ
769 1610 853 1696 μετὰ
877 1639 904 1676 τ.
931 1623 979 1684 †.

234 1719 397 1804 Berghius
419 1719 564 1783 Platonis
598 1720 765 1784 lectionem
795 1721 922 1802 recepit,
952 1719 1086 1781 iniuria:
1118 1735 1193 1777 nam

131 1831 205 1890 utra
226 1828 319 1891 lectio
343 1827 457 1890 melior
481 1827 522 1889 sit
555 1827 685 1890 decerni
708 1829 799 1891 nullo
823 1826 917 1889 modo
941 1828 1045 1907 potest
1068 1829 1100 1886 et
1122 1842 1193 1884 mu-

132 1933 209 1995 tatio
232 1933 291 1996 tali
313 1935 347 1995 in
370 1934 441 1995 loeo
464 1935 606 1997 maxime
629 1936 665 1996 in
688 1939 838 2018 promptu
862 1938 921 2010 est3
951 1930 1039 2014 quod
1062 1930 1194 1992 demon-

134 2041 254 2103 stratur
275 2031 417 2102 Musunii
440 2041 509 2102 loco
533 2041 620 2122 apud
644 2040 728 2105 Stob.
755 2042 805 2122 56,
831 2040 881 2122 18,
905 2038 960 2101 ubi
982 2037 1101 2120 legitur

132 2142 188 2208 καὶ
210 2139 307 2227 μετὰ
331 2147 404 2209 τῶν
428 2142 514 2230 olipa
547 2150 623 2210 mire
646 2145 702 2211 καὶ
727 2143 823 2211 ἔσθιε
853 2143 910 2211 καὶ
933 2137 1030 2228 μετὰ
1055 2145 1194 2206 τοῖσιν.

235 2250 349 2316 Tutius
381 2255 480 2337 igitur
501 2255 658 2317 librorum
681 2254 817 2338 Theogn.
849 2253 1069 2317 auctoritatem
1093 2249 1193 2330 sequi.

127 2353 315 2421 Brunokius
337 2359 506 2424 Bellienus
530 2361 795 2425 Schneidewinus
819 2360 984 2443 Zieglerus
1011 2353 1068 2421 acri
1091 2349 1193 2438 μετὰ

128 2487 155 2526 τ.
180 2500 221 2508 -
246 2462 303 2529 καὶ
328 2462 435 2552 παρὰ
459 2492 496 2545 u,
519 2469 669 2552 gratuite.

235 2591 264 2634 v.
290 2570 333 2634 35
358 2574 447 2638 codd.
473 2574 612 2658 Theogn.
637 2570 816 2661 plantarat,
850 2572 941 2635 Plato
966 2564 1115 2648 διδάξεαι
1148 2579 1190 2632 l.

129 2675 233 2740 Ceteri
253 2681 424 2762 scriptores
442 2682 497 2762 qui
515 2682 623 2745 locum
639 2683 774 2745 laudant
798 2685 831 2765 (a
849 2679 1007 2762 plurimis,
1024 2681 1061 2738 ut
1076 2680 1194 2738 natura
1227 2658 1230 2670 ⁸

126 2781 196 2865 fert,
215 2791 391 2868 usurpatus
413 2793 473 2868 est)
491 2791 607 2870 partim
628 2790 834 2851 consentiunt
855 2806 929 2849 eum
945 2784 1036 2847 libris
1052 2782 1191 2865 Theogn.

127 2888 326 2972 (1115305153,
340 2891 488 2957 Clemens
501 2895 756 2976 Alexandrinus,
769 2893 909 2957 Orameri
920 2891 1061 2971 Aneed.),
1076 2889 1192 2974 partim

124 3001 163 3059 ut
197 2997 289 3061 Plato
328 3000 482 3062 exhibent
521 2996 670 3081 διδάξεαι
703 3001 897 3087 (Xenophon
937 2997 1066 3062 duobus
1103 2997 1194 3078 locis,

125 3103 228 3166 Schol.
252 3105 437 3188 Aphthonii,
469 3107 601 3185 iriarte).
647 3107 723 3170 Tam
754 3108 847 3171 facile
878 3105 948 3168 fieri
981 3105 1086 3188 potuit
1112 3104 1192 3166 haeo

124 3212 268 3292 mutatio,
292 3218 329 3275 ut
351 3215 470 3275 mirum
493 3215 608 3296 potius·
617 3220 710 3296 03305,
734 3217 761 3279 si
780 3234 892 3279 omnes
907 3207 1077 3300 ,1101550051
1101 3227 1191 3292 prae-

124 3315 246 3380 berent.
296 3318 387 3382 Plato
418 3321 560 3383 maxime
595 3328 625 3385 et
657 3321 840 3405 Xenophon
871 3321 1023 3384 facillime
1053 3320 1088 3381 in
1119 3337 1189 3381 eam

123 3429 298 3506 potuerunt
327 3425 477 3507 incidere,
510 3428 606 3511 quod,
636 3434 673 3491 ut
706 3429 824 3511 optime
859 3437 968 3490 monet
998 3425 1189 3490 Leutsehius

125 3530 252 3611 (Philol.
275 3529 385 3611 XXX,
409 3552 438 3614 p.
465 3535 550 3614 216),
570 3536 656 3597 notio
684 3535 740 3597 illa
764 3533 924 3598 Socratica
951 3524 1067 3620 ἀρετὴν
1094 3527 1190 3596 5155-

124 3656 215 3699 σκειν
230 3638 346 3699 horum
362 3639 627 3722 philosophorum
643 3643 678 3703 in
694 3647 802 3705 mente
817 3641 972 3704 memoria
992 3658 1046 3702 ore
1061 3639 1190 3722 penitus

122 3744 271 3806 inhaesit.
321 3743 425 3808 Abest
461 3747 560 3828 igitur
596 3746 635 3810 ab
675 3750 763 3810 omni
794 3751 917 3812 ratione
950 3747 1067 3828 critica,
1102 3745 1189 3826 quod

124 3847 348 3931 Schmidtius1)
363 3852 457 3930 (idem
474 3853 549 3915 feeit
564 3855 614 3915 vir
624 3854 737 3918 doetus
752 3857 785 3917 in
802 3877 831 3919 v.
851 3857 935 3918 1129
947 3874 994 3937 ap.
1013 3852 1189 3916 Stobaeum

231 4062 257 4130 1)
275 4061 292 4120 1,
312 4061 330 4119 1,
349 4077 375 4128 p.
395 4062 454 4120 184.
