<?xml version="1.0" encoding="UTF-8"?>
<!DOCTYPE html PUBLIC "-//W3C//DTD XHTML 1.0 Transitional//EN"
    "http://www.w3.org/TR/xhtml1/DTD/xhtml1-transitional.dtd">
<html xmlns="http://www.w3.org/1999/xhtml" xml:lang="en" lang="en">
 <head>
  <title>
</title>
<meta http-equiv="Content-Type" content="text/html;charset=utf-8" />
  <meta name='ocr-system' content='tesseract 3.04.00' />
  <meta name='ocr-capabilities' content='ocr_page ocr_carea ocr_par ocr_line ocrx_word'/>
</head>
<body>
  <div class='ocr_page' id='page_1' title='image "./delocorumtheogn00cruegoog_0057.png"; bbox 0 0 2692 4576; ppageno 0'>
   <div class='ocr_carea' id='block_1_1' title="bbox 626 229 715 325">
    <p class='ocr_par' dir='ltr' id='par_1_1' title="bbox 626 229 715 325">
     <span class='ocr_line' id='line_1_1' title="bbox 626 229 715 325; baseline 0 0"><span class='ocrx_word' id='word_1_1' title='bbox 626 288 629 293; x_wconf 93' lang='lat'>·</span> <span class='ocrx_word' id='word_1_2' title='bbox 662 229 715 325; x_wconf 69' lang='grc' dir='ltr'><em>λλ</em></span> 
     </span>
    </p>
   </div>
   <div class='ocr_carea' id='block_1_2' title="bbox 152 453 1291 4151">
    <p class='ocr_par' dir='ltr' id='par_1_2' title="bbox 152 453 1224 2029">
     <span class='ocr_line' id='line_1_2' title="bbox 155 453 1223 536; baseline 0.001 -20"><span class='ocrx_word' id='word_1_3' title='bbox 155 454 327 516; x_wconf 89' lang='lat' dir='ltr'>lectionem</span> <span class='ocrx_word' id='word_1_4' title='bbox 352 458 383 516; x_wconf 90' lang='lat' dir='ltr'>et</span> <span class='ocrx_word' id='word_1_5' title='bbox 405 453 622 536; x_wconf 78' lang='lat' dir='ltr'>recipiendam</span> <span class='ocrx_word' id='word_1_6' title='bbox 647 455 717 516; x_wconf 89' lang='lat' dir='ltr'>sine</span> <span class='ocrx_word' id='word_1_7' title='bbox 741 453 939 518; x_wconf 82' lang='lat' dir='ltr'>dubitatione</span> <span class='ocrx_word' id='word_1_8' title='bbox 971 455 1006 516; x_wconf 93' lang='lat' dir='ltr'>in</span> <span class='ocrx_word' id='word_1_9' title='bbox 1029 453 1223 536; x_wconf 78' lang='lat' dir='ltr'>Theognidis</span> 
     </span>
     <span class='ocr_line' id='line_1_3' title="bbox 155 552 1224 642; baseline 0 -20"><span class='ocrx_word' id='word_1_10' title='bbox 155 564 295 641; x_wconf 83' lang='lat' dir='ltr'>textum,</span> <span class='ocrx_word' id='word_1_11' title='bbox 318 561 363 623; x_wconf 91' lang='lat' dir='ltr'>ita</span> <span class='ocrx_word' id='word_1_12' title='bbox 397 565 504 623; x_wconf 90' lang='lat' dir='ltr'>tamen</span> <span class='ocrx_word' id='word_1_13' title='bbox 539 564 575 623; x_wconf 91' lang='lat' dir='ltr'>ut</span> <span class='ocrx_word' id='word_1_14' title='bbox 609 580 666 642; x_wconf 92' lang='lat' dir='ltr'>pro</span> <span class='ocrx_word' id='word_1_15' title='bbox 700 552 806 624; x_wconf 65' lang='lat' dir='ltr'>ababa?</span> <span class='ocrx_word' id='word_1_16' title='bbox 842 560 1001 624; x_wconf 89' lang='lat' dir='ltr'>scribatur</span> <span class='ocrx_word' id='word_1_17' title='bbox 1027 559 1131 623; x_wconf 71' lang='grc' dir='ltr'><em>πλεῖν.</em></span> <span class='ocrx_word' id='word_1_18' title='bbox 1177 562 1224 623; x_wconf 89' lang='lat' dir='ltr'>At</span> 
     </span>
     <span class='ocr_line' id='line_1_4' title="bbox 154 666 1223 749; baseline 0.003 -22"><span class='ocrx_word' id='word_1_19' title='bbox 154 667 295 748; x_wconf 90' lang='lat' dir='ltr'>primum</span> <span class='ocrx_word' id='word_1_20' title='bbox 320 666 449 749; x_wconf 83' lang='lat' dir='ltr'>quidem</span> <span class='ocrx_word' id='word_1_21' title='bbox 474 686 537 748; x_wconf 89' lang='lat' dir='ltr'>quo</span> <span class='ocrx_word' id='word_1_22' title='bbox 560 667 630 728; x_wconf 91' lang='lat' dir='ltr'>iure</span> <span class='ocrx_word' id='word_1_23' title='bbox 653 667 703 728; x_wconf 77' lang='lat' dir='ltr'>vir</span> <span class='ocrx_word' id='word_1_24' title='bbox 719 666 832 730; x_wconf 88' lang='lat' dir='ltr'>doctus</span> <span class='ocrx_word' id='word_1_25' title='bbox 856 666 952 730; x_wconf 76' lang='grc' dir='ltr'><em>πλεῖν</em></span> <span class='ocrx_word' id='word_1_26' title='bbox 973 666 1110 728; x_wconf 89' lang='lat' dir='ltr'>formam</span> <span class='ocrx_word' id='word_1_27' title='bbox 1133 685 1223 730; x_wconf 88' lang='lat' dir='ltr'>mere</span> 
     </span>
     <span class='ocr_line' id='line_1_5' title="bbox 155 772 1222 856; baseline 0.002 -22"><span class='ocrx_word' id='word_1_28' title='bbox 155 773 298 835; x_wconf 85' lang='lat' dir='ltr'>Atticam</span> <span class='ocrx_word' id='word_1_29' title='bbox 329 772 503 856; x_wconf 77' lang='lat' dir='ltr'>Theognidi</span> <span class='ocrx_word' id='word_1_30' title='bbox 540 772 692 835; x_wconf 78' lang='lat' dir='ltr'>obtrudat</span> <span class='ocrx_word' id='word_1_31' title='bbox 724 791 789 834; x_wconf 93' lang='lat' dir='ltr'>non</span> <span class='ocrx_word' id='word_1_32' title='bbox 820 773 921 835; x_wconf 86' lang='lat' dir='ltr'>video.</span> <span class='ocrx_word' id='word_1_33' title='bbox 972 772 1098 836; x_wconf 82' lang='lat' dir='ltr'>Stobaei</span> <span class='ocrx_word' id='word_1_34' title='bbox 1130 792 1222 856; x_wconf 88' lang='lat' dir='ltr'>prae-</span> 
     </span>
     <span class='ocr_line' id='line_1_6' title="bbox 154 879 1222 962; baseline 0.001 -20"><span class='ocrx_word' id='word_1_35' title='bbox 154 880 285 960; x_wconf 83' lang='lat' dir='ltr'>claram,</span> <span class='ocrx_word' id='word_1_36' title='bbox 309 884 347 942; x_wconf 95' lang='lat' dir='ltr'>ut</span> <span class='ocrx_word' id='word_1_37' title='bbox 370 880 480 960; x_wconf 79' lang='lat' dir='ltr'>credit,</span> <span class='ocrx_word' id='word_1_38' title='bbox 502 879 673 942; x_wconf 89' lang='lat' dir='ltr'>lectionem</span> <span class='ocrx_word' id='word_1_39' title='bbox 706 880 733 942; x_wconf 89' lang='lat' dir='ltr'>si</span> <span class='ocrx_word' id='word_1_40' title='bbox 756 884 793 941; x_wconf 90' lang='lat' dir='ltr'>ut</span> <span class='ocrx_word' id='word_1_41' title='bbox 817 880 982 962; x_wconf 83' lang='lat' dir='ltr'>elegorum</span> <span class='ocrx_word' id='word_1_42' title='bbox 1010 881 1113 943; x_wconf 79' lang='lat' dir='ltr'>textui</span> <span class='ocrx_word' id='word_1_43' title='bbox 1135 881 1222 943; x_wconf 90' lang='lat' dir='ltr'>inse-</span> 
     </span>
     <span class='ocr_line' id='line_1_7' title="bbox 154 977 1219 1073; baseline 0 -25"><span class='ocrx_word' id='word_1_44' title='bbox 154 991 239 1050; x_wconf 88' lang='lat' dir='ltr'>reret</span> <span class='ocrx_word' id='word_1_45' title='bbox 261 987 365 1050; x_wconf 78' lang='lat' dir='ltr'>voluit</span> <span class='ocrx_word' id='word_1_46' title='bbox 397 986 536 1073; x_wconf 77' lang='lat' dir='ltr'>edolare,</span> <span class='ocrx_word' id='word_1_47' title='bbox 559 1006 615 1068; x_wconf 90' lang='lat' dir='ltr'>pro</span> <span class='ocrx_word' id='word_1_48' title='bbox 648 988 756 1070; x_wconf 90' lang='lat' dir='ltr'>inepto</span> <span class='ocrx_word' id='word_1_49' title='bbox 789 989 937 1057; x_wconf 83' lang='lat' dir='ltr'>neutrius</span> <span class='ocrx_word' id='word_1_50' title='bbox 969 987 1086 1070; x_wconf 85' lang='lat' dir='ltr'>plurali</span> <span class='ocrx_word' id='word_1_51' title='bbox 1110 977 1219 1049; x_wconf 67' lang='lat' dir='ltr'>ababa?</span> 
     </span>
     <span class='ocr_line' id='line_1_8' title="bbox 155 1091 1221 1176; baseline -0.001 -21"><span class='ocrx_word' id='word_1_52' title='bbox 155 1094 272 1156; x_wconf 89' lang='lat' dir='ltr'>melius</span> <span class='ocrx_word' id='word_1_53' title='bbox 296 1095 475 1175; x_wconf 81' lang='lat' dir='ltr'>scripsisset</span> <span class='ocrx_word' id='word_1_54' title='bbox 488 1091 594 1172; x_wconf 73' lang='lat' dir='ltr'>aleia,</span> <span class='ocrx_word' id='word_1_55' title='bbox 621 1097 769 1158; x_wconf 89' lang='lat' dir='ltr'>neutrius</span> <span class='ocrx_word' id='word_1_56' title='bbox 789 1095 962 1176; x_wconf 82' lang='lat' dir='ltr'>singularis</span> <span class='ocrx_word' id='word_1_57' title='bbox 980 1095 1116 1157; x_wconf 88' lang='lat' dir='ltr'>formam</span> <span class='ocrx_word' id='word_1_58' title='bbox 1134 1092 1221 1155; x_wconf 90' lang='lat' dir='ltr'>Ioni-</span> 
     </span>
     <span class='ocr_line' id='line_1_9' title="bbox 154 1199 1221 1283; baseline 0 -22"><span class='ocrx_word' id='word_1_59' title='bbox 154 1219 225 1261; x_wconf 87' lang='lat' dir='ltr'>cam</span> <span class='ocrx_word' id='word_1_60' title='bbox 249 1205 279 1263; x_wconf 92' lang='lat' dir='ltr'>et</span> <span class='ocrx_word' id='word_1_61' title='bbox 303 1201 463 1264; x_wconf 85' lang='lat' dir='ltr'>Doricam.</span> <span class='ocrx_word' id='word_1_62' title='bbox 510 1199 572 1263; x_wconf 81' lang='lat' dir='ltr'>Sed</span> <span class='ocrx_word' id='word_1_63' title='bbox 590 1202 719 1262; x_wconf 91' lang='lat' dir='ltr'>omnino</span> <span class='ocrx_word' id='word_1_64' title='bbox 743 1201 877 1281; x_wconf 84' lang='lat' dir='ltr'>indigna</span> <span class='ocrx_word' id='word_1_65' title='bbox 891 1221 1023 1283; x_wconf 89' lang='lat' dir='ltr'>prorsus</span> <span class='ocrx_word' id='word_1_66' title='bbox 1047 1205 1095 1264; x_wconf 88' lang='lat' dir='ltr'>est</span> <span class='ocrx_word' id='word_1_67' title='bbox 1113 1199 1221 1262; x_wconf 84' lang='lat' dir='ltr'>Nietz-</span> 
     </span>
     <span class='ocr_line' id='line_1_10' title="bbox 154 1304 1222 1370; baseline 0.002 -3"><span class='ocrx_word' id='word_1_68' title='bbox 154 1306 235 1367; x_wconf 89' lang='lat' dir='ltr'>schii</span> <span class='ocrx_word' id='word_1_69' title='bbox 258 1305 353 1366; x_wconf 90' lang='lat' dir='ltr'>laude</span> <span class='ocrx_word' id='word_1_70' title='bbox 376 1304 541 1368; x_wconf 83' lang='lat' dir='ltr'>Stobensis</span> <span class='ocrx_word' id='word_1_71' title='bbox 564 1307 666 1368; x_wconf 82' lang='lat' dir='ltr'>lectio,</span> <span class='ocrx_word' id='word_1_72' title='bbox 691 1305 773 1366; x_wconf 92' lang='lat' dir='ltr'>Nam</span> <span class='ocrx_word' id='word_1_73' title='bbox 797 1325 871 1367; x_wconf 90' lang='lat' dir='ltr'>cum</span> <span class='ocrx_word' id='word_1_74' title='bbox 896 1327 925 1370; x_wconf 83' lang='lat' dir='ltr'>r.</span> <span class='ocrx_word' id='word_1_75' title='bbox 945 1308 1008 1368; x_wconf 82' lang='lat'>605</span> <span class='ocrx_word' id='word_1_76' title='bbox 1033 1307 1156 1369; x_wconf 88' lang='lat' dir='ltr'>dictum</span> <span class='ocrx_word' id='word_1_77' title='bbox 1180 1308 1222 1369; x_wconf 91' lang='lat' dir='ltr'>sit</span> 
     </span>
     <span class='ocr_line' id='line_1_11' title="bbox 314 1402 1147 1498; baseline 0.006 -29"><span class='ocrx_word' id='word_1_78' title='bbox 314 1408 429 1493; x_wconf 71' lang='grc' dir='ltr'><em>πολλῷ</em></span> <span class='ocrx_word' id='word_1_79' title='bbox 453 1433 501 1472; x_wconf 79' lang='grc' dir='ltr'>τοι</span> <span class='ocrx_word' id='word_1_80' title='bbox 528 1406 668 1484; x_wconf 71' lang='grc' dir='ltr'><em>πλέονος</em></span> <span class='ocrx_word' id='word_1_81' title='bbox 690 1409 786 1489; x_wconf 74' lang='grc' dir='ltr'><em>λιμοῦ</em></span> <span class='ocrx_word' id='word_1_82' title='bbox 808 1407 903 1496; x_wconf 76' lang='grc' dir='ltr'><em>κόρος</em></span> <span class='ocrx_word' id='word_1_83' title='bbox 928 1402 1046 1474; x_wconf 68' lang='grc' dir='ltr'><em>ὤλεσεν</em></span> <span class='ocrx_word' id='word_1_84' title='bbox 1068 1402 1147 1498; x_wconf 69' lang='grc' dir='ltr'>ἤδη,</span> 
     </span>
     <span class='ocr_line' id='line_1_12' title="bbox 153 1503 1217 1601; baseline 0.004 -26"><span class='ocrx_word' id='word_1_85' title='bbox 153 1532 217 1594; x_wconf 83' lang='lat' dir='ltr'>quo</span> <span class='ocrx_word' id='word_1_86' title='bbox 251 1515 285 1574; x_wconf 91' lang='lat' dir='ltr'>in</span> <span class='ocrx_word' id='word_1_87' title='bbox 319 1531 416 1575; x_wconf 88' lang='lat' dir='ltr'>versu</span> <span class='ocrx_word' id='word_1_88' title='bbox 447 1503 508 1601; x_wconf 72' lang='grc' dir='ltr'>ἤδη</span> <span class='ocrx_word' id='word_1_89' title='bbox 539 1513 695 1576; x_wconf 86' lang='lat' dir='ltr'>vocabulo</span> <span class='ocrx_word' id='word_1_90' title='bbox 728 1515 950 1596; x_wconf 77' lang='lat' dir='ltr'>prohibemur,</span> <span class='ocrx_word' id='word_1_91' title='bbox 982 1535 1023 1577; x_wconf 92' lang='lat' dir='ltr'>ne</span> <span class='ocrx_word' id='word_1_92' title='bbox 1061 1519 1217 1579; x_wconf 88' lang='lat' dir='ltr'>aoristum</span> 
     </span>
     <span class='ocr_line' id='line_1_13' title="bbox 152 1609 1217 1703; baseline 0.002 -23"><span class='ocrx_word' id='word_1_93' title='bbox 152 1620 338 1702; x_wconf 81' lang='lat' dir='ltr'>gnomicum</span> <span class='ocrx_word' id='word_1_94' title='bbox 363 1621 587 1683; x_wconf 85' lang='lat' dir='ltr'>existimemus</span> <span class='ocrx_word' id='word_1_95' title='bbox 612 1609 741 1699; x_wconf 74' lang='grc' dir='ltr'><em>ὤλεσεν,</em></span> <span class='ocrx_word' id='word_1_96' title='bbox 765 1621 798 1682; x_wconf 92' lang='lat' dir='ltr'>in</span> <span class='ocrx_word' id='word_1_97' title='bbox 824 1621 971 1703; x_wconf 82' lang='lat' dir='ltr'>proximo</span> <span class='ocrx_word' id='word_1_98' title='bbox 995 1640 1093 1683; x_wconf 83' lang='lat' dir='ltr'>versu</span> <span class='ocrx_word' id='word_1_99' title='bbox 1115 1623 1217 1702; x_wconf 91' lang='lat' dir='ltr'>posci-</span> 
     </span>
     <span class='ocr_line' id='line_1_14' title="bbox 152 1726 1216 1810; baseline 0 -22"><span class='ocrx_word' id='word_1_100' title='bbox 152 1730 207 1789; x_wconf 93' lang='lat' dir='ltr'>tur</span> <span class='ocrx_word' id='word_1_101' title='bbox 230 1731 337 1809; x_wconf 89' lang='lat' dir='ltr'>aperte</span> <span class='ocrx_word' id='word_1_102' title='bbox 353 1726 442 1790; x_wconf 86' lang='lat' dir='ltr'>verbi</span> <span class='ocrx_word' id='word_1_103' title='bbox 465 1732 592 1810; x_wconf 90' lang='lat' dir='ltr'>tempus</span> <span class='ocrx_word' id='word_1_104' title='bbox 614 1728 831 1810; x_wconf 78' lang='lat' dir='ltr'>praeteritum,</span> <span class='ocrx_word' id='word_1_105' title='bbox 856 1728 941 1810; x_wconf 92' lang='lat' dir='ltr'>quod</span> <span class='ocrx_word' id='word_1_106' title='bbox 957 1733 1043 1791; x_wconf 88' lang='lat' dir='ltr'>recte</span> <span class='ocrx_word' id='word_1_107' title='bbox 1064 1726 1216 1810; x_wconf 87' lang='lat' dir='ltr'>praebent</span> 
     </span>
     <span class='ocr_line' id='line_1_15' title="bbox 153 1832 422 1917; baseline 0.004 -22"><span class='ocrx_word' id='word_1_108' title='bbox 153 1833 245 1895; x_wconf 87' lang='lat' dir='ltr'>codd.</span> <span class='ocrx_word' id='word_1_109' title='bbox 268 1832 422 1917; x_wconf 79' lang='lat' dir='ltr'>Theogn:</span> 
     </span>
     <span class='ocr_line' id='line_1_16' title="bbox 316 1931 1091 2029; baseline -0.001 -25"><span class='ocrx_word' id='word_1_110' title='bbox 316 1931 444 2027; x_wconf 64' lang='grc' dir='ltr'><em>ἄνδρας,</em></span> <span class='ocrx_word' id='word_1_111' title='bbox 469 1933 538 2005; x_wconf 80' lang='grc' dir='ltr'><em>ὅσοι</em></span> <span class='ocrx_word' id='word_1_112' title='bbox 564 1937 679 2029; x_wconf 77' lang='grc' dir='ltr'><em>μοίρης</em></span> <span class='ocrx_word' id='word_1_113' title='bbox 702 1942 817 2007; x_wconf 77' lang='grc' dir='ltr'><em>πλεῖον</em></span> <span class='ocrx_word' id='word_1_114' title='bbox 840 1937 924 2022; x_wconf 71' lang='grc' dir='ltr'><em>ἔχειν</em></span> <span class='ocrx_word' id='word_1_115' title='bbox 946 1937 1091 2005; x_wconf 67' lang='grc' dir='ltr'><em>ἔθελον.</em></span> 
     </span>
    </p>

    <p class='ocr_par' dir='ltr' id='par_1_3' title="bbox 152 2047 1291 3067">
     <span class='ocr_line' id='line_1_17' title="bbox 154 2047 1221 2131; baseline -0.002 -21"><span class='ocrx_word' id='word_1_116' title='bbox 154 2047 284 2110; x_wconf 79' lang='lat' dir='ltr'>Stobaei</span> <span class='ocrx_word' id='word_1_117' title='bbox 308 2054 417 2110; x_wconf 89' lang='lat' dir='ltr'>contra</span> <span class='ocrx_word' id='word_1_118' title='bbox 440 2049 533 2112; x_wconf 91' lang='lat' dir='ltr'>lectio</span> <span class='ocrx_word' id='word_1_119' title='bbox 558 2049 636 2112; x_wconf 90' lang='lat' dir='ltr'>adeo</span> <span class='ocrx_word' id='word_1_120' title='bbox 659 2062 725 2112; x_wconf 87' lang='lat' dir='ltr'>uon</span> <span class='ocrx_word' id='word_1_121' title='bbox 749 2049 862 2113; x_wconf 90' lang='lat' dir='ltr'>melior</span> <span class='ocrx_word' id='word_1_122' title='bbox 885 2054 933 2112; x_wconf 89' lang='lat' dir='ltr'>est</span> <span class='ocrx_word' id='word_1_123' title='bbox 949 2068 1047 2131; x_wconf 86' lang='lat' dir='ltr'>quarn</span> <span class='ocrx_word' id='word_1_124' title='bbox 1063 2047 1221 2109; x_wconf 91' lang='lat' dir='ltr'>librorum</span> 
     </span>
     <span class='ocr_line' id='line_1_18' title="bbox 153 2153 1222 2236; baseline 0 -22"><span class='ocrx_word' id='word_1_125' title='bbox 153 2153 307 2236; x_wconf 78' lang='lat' dir='ltr'>Theogn,</span> <span class='ocrx_word' id='word_1_126' title='bbox 338 2159 375 2215; x_wconf 90' lang='lat' dir='ltr'>ut</span> <span class='ocrx_word' id='word_1_127' title='bbox 408 2155 503 2235; x_wconf 86' lang='lat' dir='ltr'>plane</span> <span class='ocrx_word' id='word_1_128' title='bbox 544 2156 624 2217; x_wconf 86' lang='lat' dir='ltr'>falsa</span> <span class='ocrx_word' id='word_1_129' title='bbox 659 2157 700 2218; x_wconf 88' lang='lat' dir='ltr'>sit</span> <span class='ocrx_word' id='word_1_130' title='bbox 734 2155 949 2218; x_wconf 86' lang='lat' dir='ltr'>existimanda</span> <span class='ocrx_word' id='word_1_131' title='bbox 984 2159 1015 2216; x_wconf 92' lang='lat' dir='ltr'>et</span> <span class='ocrx_word' id='word_1_132' title='bbox 1049 2153 1222 2216; x_wconf 87' lang='lat' dir='ltr'>tribuenda</span> 
     </span>
     <span class='ocr_line' id='line_1_19' title="bbox 153 2258 1291 2342; baseline -0.001 -22"><span class='ocrx_word' id='word_1_133' title='bbox 153 2259 370 2340; x_wconf 76' lang='lat' dir='ltr'>compilatoris</span> <span class='ocrx_word' id='word_1_134' title='bbox 383 2261 610 2321; x_wconf 90' lang='lat' dir='ltr'>consuetudini</span> <span class='ocrx_word' id='word_1_135' title='bbox 624 2263 814 2342; x_wconf 89' lang='lat' dir='ltr'>scriptorum</span> <span class='ocrx_word' id='word_1_136' title='bbox 824 2278 906 2340; x_wconf 89' lang='lat' dir='ltr'>quae</span> <span class='ocrx_word' id='word_1_137' title='bbox 917 2259 1107 2340; x_wconf 83' lang='lat' dir='ltr'>excerpebat</span> <span class='ocrx_word' id='word_1_138' title='bbox 1123 2258 1221 2321; x_wconf 79' lang='lat' dir='ltr'>verba</span> <span class='ocrx_word' id='word_1_139' title='bbox 1289 2315 1291 2319; x_wconf 81' lang='grc'>,</span> 
     </span>
     <span class='ocr_line' id='line_1_20' title="bbox 154 2364 1220 2447; baseline 0.002 -22"><span class='ocrx_word' id='word_1_140' title='bbox 154 2365 264 2426; x_wconf 77' lang='lat' dir='ltr'>veloci</span> <span class='ocrx_word' id='word_1_141' title='bbox 288 2365 380 2427; x_wconf 91' lang='lat' dir='ltr'>oculo</span> <span class='ocrx_word' id='word_1_142' title='bbox 408 2367 624 2447; x_wconf 85' lang='lat' dir='ltr'>percurrentis</span> <span class='ocrx_word' id='word_1_143' title='bbox 653 2367 755 2447; x_wconf 88' lang='lat' dir='ltr'>magis</span> <span class='ocrx_word' id='word_1_144' title='bbox 785 2385 881 2445; x_wconf 86' lang='lat' dir='ltr'>quam</span> <span class='ocrx_word' id='word_1_145' title='bbox 913 2364 1087 2446; x_wconf 84' lang='lat' dir='ltr'>diligentur</span> <span class='ocrx_word' id='word_1_146' title='bbox 1110 2370 1140 2427; x_wconf 86' lang='lat' dir='ltr'>et</span> <span class='ocrx_word' id='word_1_147' title='bbox 1168 2385 1220 2427; x_wconf 91' lang='lat' dir='ltr'>ac-</span> 
     </span>
     <span class='ocr_line' id='line_1_21' title="bbox 153 2471 1219 2554; baseline 0.003 -22"><span class='ocrx_word' id='word_1_148' title='bbox 153 2475 263 2533; x_wconf 90' lang='lat' dir='ltr'>curate</span> <span class='ocrx_word' id='word_1_149' title='bbox 285 2471 486 2554; x_wconf 79' lang='lat' dir='ltr'>perlegeritis</span> <span class='ocrx_word' id='word_1_150' title='bbox 533 2471 699 2535; x_wconf 84' lang='lat' dir='ltr'>Secundae</span> <span class='ocrx_word' id='word_1_151' title='bbox 729 2471 824 2533; x_wconf 87' lang='lat' dir='ltr'>classi</span> <span class='ocrx_word' id='word_1_152' title='bbox 852 2475 979 2533; x_wconf 87' lang='lat' dir='ltr'>nostrae</span> <span class='ocrx_word' id='word_1_153' title='bbox 1011 2471 1157 2534; x_wconf 88' lang='lat' dir='ltr'>adscribo</span> <span class='ocrx_word' id='word_1_154' title='bbox 1182 2491 1219 2535; x_wconf 88' lang='lat' dir='ltr'>eo</span> 
     </span>
     <span class='ocr_line' id='line_1_22' title="bbox 154 2577 1219 2661; baseline 0.003 -23"><span class='ocrx_word' id='word_1_155' title='bbox 154 2579 279 2641; x_wconf 91' lang='lat' dir='ltr'>minore</span> <span class='ocrx_word' id='word_1_156' title='bbox 314 2578 526 2655; x_wconf 87' lang='lat' dir='ltr'>dubitatione,</span> <span class='ocrx_word' id='word_1_157' title='bbox 552 2577 636 2658; x_wconf 89' lang='lat' dir='ltr'>quod</span> <span class='ocrx_word' id='word_1_158' title='bbox 663 2579 698 2637; x_wconf 92' lang='lat' dir='ltr'>in</span> <span class='ocrx_word' id='word_1_159' title='bbox 732 2578 909 2658; x_wconf 89' lang='lat' dir='ltr'>praesentis</span> <span class='ocrx_word' id='word_1_160' title='bbox 941 2597 998 2659; x_wconf 92' lang='lat' dir='ltr'>pro</span> <span class='ocrx_word' id='word_1_161' title='bbox 1034 2579 1219 2661; x_wconf 86' lang='lat' dir='ltr'>imperfecto</span> 
     </span>
     <span class='ocr_line' id='line_1_23' title="bbox 153 2683 1220 2767; baseline 0 -21"><span class='ocrx_word' id='word_1_162' title='bbox 153 2684 418 2748; x_wconf 88' lang='lat' dir='ltr'>substitutionem</span> <span class='ocrx_word' id='word_1_163' title='bbox 451 2686 560 2746; x_wconf 90' lang='lat' dir='ltr'>minus</span> <span class='ocrx_word' id='word_1_164' title='bbox 588 2683 724 2765; x_wconf 90' lang='lat' dir='ltr'>diligens</span> <span class='ocrx_word' id='word_1_165' title='bbox 740 2683 839 2746; x_wconf 89' lang='lat' dir='ltr'>lector</span> <span class='ocrx_word' id='word_1_166' title='bbox 863 2685 912 2767; x_wconf 87' lang='lat' dir='ltr'>(ut</span> <span class='ocrx_word' id='word_1_167' title='bbox 936 2684 1028 2748; x_wconf 90' lang='lat' dir='ltr'>docet</span> <span class='ocrx_word' id='word_1_168' title='bbox 1043 2684 1220 2748; x_wconf 87' lang='lat' dir='ltr'>Nietzschii</span> 
     </span>
     <span class='ocr_line' id='line_1_24' title="bbox 154 2791 1217 2874; baseline 0 -21"><span class='ocrx_word' id='word_1_169' title='bbox 154 2791 352 2873; x_wconf 77' lang='lat' dir='ltr'>exemplum)</span> <span class='ocrx_word' id='word_1_170' title='bbox 376 2791 526 2853; x_wconf 88' lang='lat' dir='ltr'>facillime</span> <span class='ocrx_word' id='word_1_171' title='bbox 549 2794 653 2872; x_wconf 88' lang='lat' dir='ltr'>potest</span> <span class='ocrx_word' id='word_1_172' title='bbox 685 2791 841 2858; x_wconf 86' lang='lat' dir='ltr'>incidere:</span> <span class='ocrx_word' id='word_1_173' title='bbox 883 2793 1062 2874; x_wconf 87' lang='lat' dir='ltr'>simplicius</span> <span class='ocrx_word' id='word_1_174' title='bbox 1095 2793 1217 2854; x_wconf 90' lang='lat' dir='ltr'>dictum</span> 
     </span>
     <span class='ocr_line' id='line_1_25' title="bbox 154 2897 1219 2982; baseline 0.003 -25"><span class='ocrx_word' id='word_1_175' title='bbox 154 2897 282 2959; x_wconf 78' lang='lat' dir='ltr'>ridetur</span> <span class='ocrx_word' id='word_1_176' title='bbox 305 2903 336 2959; x_wconf 91' lang='lat' dir='ltr'>et</span> <span class='ocrx_word' id='word_1_177' title='bbox 360 2897 400 2958; x_wconf 87' lang='lat' dir='ltr'>ad</span> <span class='ocrx_word' id='word_1_178' title='bbox 422 2897 570 2978; x_wconf 81' lang='lat' dir='ltr'>generale</span> <span class='ocrx_word' id='word_1_179' title='bbox 595 2899 773 2962; x_wconf 88' lang='lat' dir='ltr'>sententiae</span> <span class='ocrx_word' id='word_1_180' title='bbox 790 2904 1015 2982; x_wconf 88' lang='lat' dir='ltr'>argumentum</span> <span class='ocrx_word' id='word_1_181' title='bbox 1042 2917 1219 2960; x_wconf 87' lang='lat' dir='ltr'>accommo-</span> 
     </span>
     <span class='ocr_line' id='line_1_26' title="bbox 152 3004 337 3067; baseline 0.011 -2"><span class='ocrx_word' id='word_1_182' title='bbox 152 3004 337 3067; x_wconf 59' lang='lat' dir='ltr'>mms—</span> 
     </span>
    </p>

    <p class='ocr_par' dir='ltr' id='par_1_4' title="bbox 153 3102 1220 3620">
     <span class='ocr_line' id='line_1_27' title="bbox 262 3102 1220 3196; baseline 0.002 -26"><span class='ocrx_word' id='word_1_183' title='bbox 262 3131 290 3172; x_wconf 82' lang='lat' dir='ltr'>v.</span> <span class='ocrx_word' id='word_1_184' title='bbox 316 3109 526 3174; x_wconf 73' lang='lat' dir='ltr'>dol—610.</span> <span class='ocrx_word' id='word_1_185' title='bbox 553 3114 603 3193; x_wconf 74' lang='lat'>12,</span> <span class='ocrx_word' id='word_1_186' title='bbox 629 3113 677 3174; x_wconf 77' lang='lat'>17.</span> <span class='ocrx_word' id='word_1_187' title='bbox 723 3133 753 3174; x_wconf 78' lang='lat' dir='ltr'>v.</span> <span class='ocrx_word' id='word_1_188' title='bbox 771 3111 833 3174; x_wconf 73' lang='lat'>(507</span> <span class='ocrx_word' id='word_1_189' title='bbox 852 3112 936 3176; x_wconf 74' lang='lat' dir='ltr'>stab.</span> <span class='ocrx_word' id='word_1_190' title='bbox 953 3131 1009 3194; x_wconf 90' lang='lat' dir='ltr'>pro</span> <span class='ocrx_word' id='word_1_191' title='bbox 1035 3102 1115 3196; x_wconf 71' lang='grc' dir='ltr'>ἀρχῇ</span> <span class='ocrx_word' id='word_1_192' title='bbox 1139 3102 1220 3193; x_wconf 68' lang='grc' dir='ltr'>ἀρχή</span> 
     </span>
     <span class='ocr_line' id='line_1_28' title="bbox 153 3216 1218 3299; baseline -0.007 -20"><span class='ocrx_word' id='word_1_193' title='bbox 153 3218 276 3299; x_wconf 73' lang='lat' dir='ltr'>inepte3</span> <span class='ocrx_word' id='word_1_194' title='bbox 301 3218 456 3280; x_wconf 88' lang='lat' dir='ltr'>mendum</span> <span class='ocrx_word' id='word_1_195' title='bbox 480 3218 619 3282; x_wconf 90' lang='lat' dir='ltr'>librariis</span> <span class='ocrx_word' id='word_1_196' title='bbox 644 3221 714 3282; x_wconf 90' lang='lat' dir='ltr'>sine</span> <span class='ocrx_word' id='word_1_197' title='bbox 738 3219 836 3281; x_wconf 90' lang='lat' dir='ltr'>dubio</span> <span class='ocrx_word' id='word_1_198' title='bbox 860 3218 1075 3282; x_wconf 86' lang='lat' dir='ltr'>tribuendum.</span> <span class='ocrx_word' id='word_1_199' title='bbox 1104 3235 1133 3273; x_wconf 86' lang='lat' dir='ltr'>v.</span> <span class='ocrx_word' id='word_1_200' title='bbox 1155 3216 1218 3273; x_wconf 79' lang='grc'>609</span> 
     </span>
     <span class='ocr_line' id='line_1_29' title="bbox 154 3317 1219 3401; baseline -0.01 -13"><span class='ocrx_word' id='word_1_201' title='bbox 154 3323 243 3390; x_wconf 79' lang='lat' dir='ltr'>Stob.</span> <span class='ocrx_word' id='word_1_202' title='bbox 278 3325 367 3387; x_wconf 90' lang='lat' dir='ltr'>codd.</span> <span class='ocrx_word' id='word_1_203' title='bbox 397 3325 471 3387; x_wconf 90' lang='lat' dir='ltr'>AB</span> <span class='ocrx_word' id='word_1_204' title='bbox 501 3332 532 3388; x_wconf 91' lang='lat' dir='ltr'>et</span> <span class='ocrx_word' id='word_1_205' title='bbox 566 3344 677 3387; x_wconf 90' lang='lat' dir='ltr'>omnes</span> <span class='ocrx_word' id='word_1_206' title='bbox 710 3325 882 3386; x_wconf 88' lang='lat' dir='ltr'>deteriores</span> <span class='ocrx_word' id='word_1_207' title='bbox 916 3322 990 3382; x_wconf 91' lang='lat' dir='ltr'>libri</span> <span class='ocrx_word' id='word_1_208' title='bbox 1024 3317 1219 3401; x_wconf 86' lang='lat' dir='ltr'>Theognidci</span> 
     </span>
     <span class='ocr_line' id='line_1_30' title="bbox 155 3424 1218 3516; baseline -0.007 -24"><span class='ocrx_word' id='word_1_209' title='bbox 155 3435 392 3516; x_wconf 70' lang='grc' dir='ltr'><em>προσομορτεῖ,</em></span> <span class='ocrx_word' id='word_1_210' title='bbox 427 3432 544 3494; x_wconf 85' lang='lat' dir='ltr'>falsum</span> <span class='ocrx_word' id='word_1_211' title='bbox 580 3436 708 3514; x_wconf 87' lang='lat' dir='ltr'>propter</span> <span class='ocrx_word' id='word_1_212' title='bbox 742 3426 857 3512; x_wconf 57' lang='lat' dir='ltr'>taarog</span> <span class='ocrx_word' id='word_1_213' title='bbox 892 3428 926 3487; x_wconf 92' lang='lat' dir='ltr'>in</span> <span class='ocrx_word' id='word_1_214' title='bbox 960 3446 986 3486; x_wconf 92' lang='lat' dir='ltr'>v.</span> <span class='ocrx_word' id='word_1_215' title='bbox 1012 3424 1090 3505; x_wconf 77' lang='lat'>610,</span> <span class='ocrx_word' id='word_1_216' title='bbox 1121 3424 1218 3486; x_wconf 91' lang='lat' dir='ltr'>ceteri</span> 
     </span>
     <span class='ocr_line' id='line_1_31' title="bbox 154 3535 960 3620; baseline -0.006 -20"><span class='ocrx_word' id='word_1_217' title='bbox 154 3537 239 3600; x_wconf 86' lang='lat' dir='ltr'>Stob.</span> <span class='ocrx_word' id='word_1_218' title='bbox 264 3537 336 3600; x_wconf 88' lang='lat' dir='ltr'>libri</span> <span class='ocrx_word' id='word_1_219' title='bbox 360 3544 391 3601; x_wconf 91' lang='lat' dir='ltr'>et</span> <span class='ocrx_word' id='word_1_220' title='bbox 414 3537 607 3600; x_wconf 89' lang='lat' dir='ltr'>Mutinensis</span> <span class='ocrx_word' id='word_1_221' title='bbox 630 3542 715 3599; x_wconf 87' lang='lat' dir='ltr'>recte</span> <span class='ocrx_word' id='word_1_222' title='bbox 739 3535 960 3620; x_wconf 69' lang='grc' dir='ltr'><em>ντροοομορνῇ.</em></span> 
     </span>
    </p>

    <p class='ocr_par' dir='ltr' id='par_1_5' title="bbox 154 3635 1219 4151">
     <span class='ocr_line' id='line_1_32' title="bbox 261 3635 1219 3722; baseline -0.004 -20"><span class='ocrx_word' id='word_1_223' title='bbox 261 3665 291 3709; x_wconf 85' lang='grc' dir='ltr'>ν,</span> <span class='ocrx_word' id='word_1_224' title='bbox 318 3645 534 3705; x_wconf 73' lang='lat' dir='ltr'>ort-ola.</span> <span class='ocrx_word' id='word_1_225' title='bbox 561 3644 610 3722; x_wconf 78' lang='lat'>98,</span> <span class='ocrx_word' id='word_1_226' title='bbox 636 3643 685 3703; x_wconf 75' lang='lat'>55.</span> <span class='ocrx_word' id='word_1_227' title='bbox 731 3661 760 3702; x_wconf 89' lang='lat' dir='ltr'>v.</span> <span class='ocrx_word' id='word_1_228' title='bbox 786 3640 850 3702; x_wconf 84' lang='grc'><strong>618</strong></span> <span class='ocrx_word' id='word_1_229' title='bbox 874 3638 1006 3703; x_wconf 73' lang='grc' dir='ltr'><em>πολλῶν</em></span> <span class='ocrx_word' id='word_1_230' title='bbox 1030 3636 1120 3721; x_wconf 89' lang='lat' dir='ltr'>O(et</span> <span class='ocrx_word' id='word_1_231' title='bbox 1143 3636 1169 3698; x_wconf 90' lang='lat' dir='ltr'>E</span> <span class='ocrx_word' id='word_1_232' title='bbox 1193 3635 1219 3698; x_wconf 90' lang='lat' dir='ltr'>L</span> 
     </span>
     <span class='ocr_line' id='line_1_33' title="bbox 154 3746 1219 3837; baseline -0.008 -23"><span class='ocrx_word' id='word_1_233' title='bbox 154 3751 328 3837; x_wconf 89' lang='lat' dir='ltr'>deteriores</span> <span class='ocrx_word' id='word_1_234' title='bbox 366 3750 451 3825; x_wconf 83' lang='lat' dir='ltr'>libri)</span> <span class='ocrx_word' id='word_1_235' title='bbox 491 3747 603 3832; x_wconf 64' lang='grc' dir='ltr'><em>πολλῷ</em></span> <span class='ocrx_word' id='word_1_236' title='bbox 637 3747 732 3810; x_wconf 85' lang='lat' dir='ltr'>Kex</span> <span class='ocrx_word' id='word_1_237' title='bbox 771 3749 969 3829; x_wconf 79' lang='lat' dir='ltr'>coniectura,</span> <span class='ocrx_word' id='word_1_238' title='bbox 1002 3747 1034 3809; x_wconf 79' lang='lat' dir='ltr'>A</span> <span class='ocrx_word' id='word_1_239' title='bbox 1058 3750 1087 3808; x_wconf 92' lang='lat' dir='ltr'>et</span> <span class='ocrx_word' id='word_1_240' title='bbox 1122 3746 1219 3808; x_wconf 90' lang='lat' dir='ltr'>ceteri</span> 
     </span>
     <span class='ocr_line' id='line_1_34' title="bbox 154 3851 1218 3939; baseline -0.005 -19"><span class='ocrx_word' id='word_1_241' title='bbox 154 3877 266 3921; x_wconf 89' lang='lat' dir='ltr'>omnes</span> <span class='ocrx_word' id='word_1_242' title='bbox 290 3851 419 3921; x_wconf 72' lang='grc' dir='ltr'><em>πολλὸν.</em></span> <span class='ocrx_word' id='word_1_243' title='bbox 467 3854 623 3918; x_wconf 82' lang='lat' dir='ltr'>Stobaeus</span> <span class='ocrx_word' id='word_1_244' title='bbox 651 3859 690 3916; x_wconf 90' lang='lat' dir='ltr'>ut</span> <span class='ocrx_word' id='word_1_245' title='bbox 712 3852 744 3916; x_wconf 88' lang='grc' dir='ltr'><strong>Κ</strong></span> <span class='ocrx_word' id='word_1_246' title='bbox 771 3853 903 3935; x_wconf 87' lang='lat' dir='ltr'>praebet</span> <span class='ocrx_word' id='word_1_247' title='bbox 929 3853 1043 3939; x_wconf 72' lang='grc' dir='ltr'><em>πολλῷ</em></span> <span class='ocrx_word' id='word_1_248' title='bbox 1067 3851 1103 3932; x_wconf 87' lang='grc' dir='ltr'>(Β</span> <span class='ocrx_word' id='word_1_249' title='bbox 1129 3851 1218 3915; x_wconf 90' lang='lat' dir='ltr'>solus</span> 
     </span>
     <span class='ocr_line' id='line_1_35' title="bbox 154 3961 1218 4047; baseline -0.006 -21"><span class='ocrx_word' id='word_1_250' title='bbox 154 3964 288 4028; x_wconf 71' lang='grc' dir='ltr'><em>πολλῶν</em></span> <span class='ocrx_word' id='word_1_251' title='bbox 310 3964 434 4026; x_wconf 88' lang='lat' dir='ltr'>librarii</span> <span class='ocrx_word' id='word_1_252' title='bbox 459 3965 585 4042; x_wconf 86' lang='lat' dir='ltr'>errore).</span> <span class='ocrx_word' id='word_1_253' title='bbox 634 3961 747 4047; x_wconf 72' lang='grc' dir='ltr'><em>πολλῷ</em></span> <span class='ocrx_word' id='word_1_254' title='bbox 774 3962 874 4044; x_wconf 88' lang='lat' dir='ltr'>igitur</span> <span class='ocrx_word' id='word_1_255' title='bbox 902 3963 988 4024; x_wconf 92' lang='lat' dir='ltr'>omni</span> <span class='ocrx_word' id='word_1_256' title='bbox 1017 3965 1103 4023; x_wconf 87' lang='lat' dir='ltr'>caret</span> <span class='ocrx_word' id='word_1_257' title='bbox 1131 3964 1218 4022; x_wconf 88' lang='lat' dir='ltr'>certa</span> 
     </span>
     <span class='ocr_line' id='line_1_36' title="bbox 154 4063 1219 4151; baseline -0.006 -18"><span class='ocrx_word' id='word_1_258' title='bbox 154 4072 352 4135; x_wconf 89' lang='lat' dir='ltr'>auctoritate.</span> <span class='ocrx_word' id='word_1_259' title='bbox 399 4070 439 4132; x_wconf 90' lang='lat' dir='ltr'>In</span> <span class='ocrx_word' id='word_1_260' title='bbox 463 4068 501 4151; x_wconf 80' lang='lat' dir='ltr'>K,</span> <span class='ocrx_word' id='word_1_261' title='bbox 526 4071 583 4151; x_wconf 88' lang='lat' dir='ltr'>qui</span> <span class='ocrx_word' id='word_1_262' title='bbox 606 4068 708 4133; x_wconf 82' lang='lat' dir='ltr'>codex</span> <span class='ocrx_word' id='word_1_263' title='bbox 732 4068 910 4150; x_wconf 87' lang='lat' dir='ltr'>descriptus</span> <span class='ocrx_word' id='word_1_264' title='bbox 935 4073 983 4132; x_wconf 90' lang='lat' dir='ltr'>est</span> <span class='ocrx_word' id='word_1_265' title='bbox 1006 4085 1047 4129; x_wconf 84' lang='lat' dir='ltr'>ex</span> <span class='ocrx_word' id='word_1_266' title='bbox 1064 4064 1100 4146; x_wconf 81' lang='lat'>0,</span> <span class='ocrx_word' id='word_1_267' title='bbox 1124 4063 1219 4127; x_wconf 87' lang='lat' dir='ltr'>debe-</span> 
     </span>
    </p>
   </div>
   <div class='ocr_carea' id='block_1_3' title="bbox 0 0 1350 4576">
    <p class='ocr_par' dir='ltr' id='par_1_6' title="bbox 0 0 1350 4576">
     <span class='ocr_line' id='line_1_37' title="bbox 0 0 1350 4576; baseline 0 0"><span class='ocrx_word' id='word_1_268' title='bbox 0 0 1350 4576; x_wconf 95' lang='lat' dir='ltr'> </span> 
     </span>
    </p>
   </div>
  </div>
 </body>
</html>
