2692 4576
634 248 751 337 41‘

230 483 260 525 r.
286 463 492 526 bas—526.
519 465 569 545 91,
594 465 622 526 2.
658 485 687 526 x.
723 465 785 526 525
809 483 865 547 pro
900 460 955 527 καὶ
981 458 1040 549 γάρ
1068 486 1120 528 τοι
1144 500 1188 512 -

123 564 235 648 ἔοικεν,
262 589 344 651 quae
367 568 465 632 rerba
488 570 523 631 in
546 570 728 653 Theognide
752 573 869 653 optime
894 589 928 634 se
950 569 1078 650 habent,
1101 571 1189 653 apud

123 675 298 740 Stobaenm
321 675 453 758 vulgata
487 676 579 739 lectio
608 676 739 740 exhibet
766 674 820 740 καὶ
851 671 911 762 γὰρ
938 671 1017 752 Ζεὺς
1040 714 1082 722 —
1107 672 1188 740 {dce-

122 805 184 846 asr.
231 781 274 844 Et
304 781 438 846 fortasse
466 783 649 860 credideris,
678 782 855 846 aStobaeo
886 784 955 865 ipso
984 803 1114 847 versum
1143 785 1188 846 sic

121 894 290 953 mutatum.
337 888 404 952 Nec
433 895 541 952 tamen
564 890 695 952 videtur
722 891 767 952 ita
795 907 880 952 esse:
912 909 986 951 nam
1016 889 1188 954 Gaisfordii

123 995 231 1057 codice
266 992 306 1069 A,
343 1015 543 1077 quamquam
576 997 628 1058 hic
664 1015 794 1078 qnoque
826 989 927 1058 ἔδωκε
966 995 1063 1058 habet
1097 995 1187 1076 (falso

122 1100 283 1182 Berghius
299 1102 334 1162 in
350 1100 533 1184 Theognide
550 1101 713 1165 adnotavit
731 1103 794 1185 legi
809 1103 844 1164 in
868 1120 905 1164 eo
921 1098 977 1165 aci
999 1097 1059 1186 γάρ
1076 1124 1126 1166 τοι
1145 1139 1186 1146 -

123 1201 219 1285 ἔοικε)
236 1214 398 1268 servatum
422 1212 469 1270 est
492 1204 546 1271 καὶ
572 1203 631 1292 γάρ
655 1232 715 1287 τοι,
739 1210 785 1271 ita
808 1215 844 1271 nt
863 1208 1114 1271 existimandum
1138 1209 1188 1288 sit,

122 1311 261 1375 librariis
298 1312 445 1376 lectionis
484 1314 732 1397 discrepantiam
773 1314 889 1394 deberi,
933 1333 1007 1377 cnm
1045 1301 1208 1397 primum‘

122 1413 206 1481 {beas
222 1418 319 1482 verbo
343 1420 378 1480 in
394 1414 495 1482 idione
511 1427 659 1503 corrupto
676 1427 831 1503 ponerent
846 1425 915 1483 tum
931 1440 988 1503 pro
1007 1444 1054 1484 τοι
1076 1441 1082 1482 :
1100 1415 1187 1500 Zeto,

119 1524 241 1606 perdito
266 1527 376 1588 sensui
400 1525 601 1590 subventuri.

225 1630 361 1695 Stobaeo
386 1637 491 1694 antem
514 1634 577 1715 ipsi
601 1635 669 1696 sine
691 1633 789 1697 dnbio
814 1633 1025 1696 tribuendum
1041 1634 1187 1714 proximo

118 1756 216 1800 versu
241 1742 284 1820 (v.
311 1739 388 1807 526)
413 1757 470 1819 pro
499 1741 591 1823 κακῷ
619 1741 760 1820 positum
785 1741 888 1825 coppi.
935 1739 1073 1802 Videtur
1100 1742 1187 1803 eninr

123 1848 179 1904 ant
203 1862 317 1906 versus
341 1848 533 1908 sententiam
557 1865 669 1927 parum
687 1845 893 1922 intellexisse,
916 1850 1030 1907 notum
1052 1846 1188 1909 fortasse

120 1966 186 2008 non
220 1949 352 2031 habens,
386 1952 656 2033 quemadmodum
680 1946 776 2014 κακοί
810 1956 841 2013 et
875 1941 1001 2034 ἀγαθοί
1032 1951 1130 2014 rerba
1152 1955 1187 2015 in

122 2056 320 2119 carminibus
329 2057 523 2137 Theognidis
534 2060 597 2120 sint
609 2057 804 2139 accipienda,
812 2062 867 2120 ant
880 2058 907 2119 si
919 2057 1088 2139 intellexit,
1101 2079 1117 2121 a
1130 2059 1188 2122 ilo-

119 2161 224 2243 rilegii
241 2165 292 2224 sui
308 2163 415 2225 indole
431 2184 467 2226 ac
480 2166 602 2226 ratione
615 2164 753 2226 alienum
769 2183 844 2226 eum
856 2165 1066 2244 existimasse,
1076 2167 1186 2248 itaque

119 2268 247 2348 scripsit
269 2287 326 2350 pro
348 2271 440 2353 arnapi
460 2292 466 2331 :
488 2271 590 2356 σοφῷ,
608 2271 765 2332 sententia
780 2288 837 2352 per
856 2289 891 2332 se
907 2289 973 2332 non
991 2272 1098 2354 inepta
1121 2279 1152 2335 et
1168 2293 1186 2335 a

116 2373 314 2456 philosophis
338 2377 504 2439 nonnullis
529 2376 668 2457 defensa,
692 2395 768 2438 cum
784 2376 987 2458 praecedenti
1007 2397 1103 2440 versu
1127 2381 1186 2440 mi-

117 2480 204 2541 nime
228 2484 433 2561 conveniens,
458 2486 611 2564 qnoniam
636 2484 795 2565 sapientes
820 2488 850 2546 et
874 2482 950 2544 boni
984 2489 1069 2546 recte
1102 2486 1186 2547 inter

120 2603 153 2646 se
177 2588 293 2668 opponi
316 2607 381 2650 non
404 2594 547 2670 possunt.

223 2692 263 2754 In
287 2694 396 2757 eodem
428 2714 526 2758 versu
561 2715 617 2777 pro
642 2691 807 2781 σύμφορος
838 2695 927 2757 codd.
951 2694 1088 2777 Theogn.
1113 2697 1183 2758 Sto-

118 2797 218 2861 baens
243 2795 415 2887 ciens-opor.
447 2806 489 2869 ·Ι-,

160 2917 163 2923 ’
223 2926 252 2966 v.
279 2907 511 2970 eat-528.
549 2908 621 2989 lid,
648 2909 696 2970 11.
733 2928 761 2969 x.
799 2909 870 2969 528.
928 2907 966 2968 ln
1001 2907 1184 2991 'theognide

117 3009 310 3074 Mutinensis
345 3007 592 3100 riscomcope‘mpe,
628 3013 654 3076 O
689 3015 752 3095 legi
785 3033 851 3075 non
886 3019 999 3095 potest,
1031 3015 1088 3076 sed
1121 3017 1185 3079 for-

119 3120 203 3179 tasse
225 3119 372 3200 praebuit
396 3111 665 3205 circovcooopc'vpg,
690 3119 776 3201 quod
801 3119 931 3182 exhibet
953 3119 994 3200 K,
1024 3123 1080 3202 qni
1103 3123 1195 3186 liber-

118 3222 202 3285 exO
227 3224 404 3308 descriptus
429 3232 484 3306 est,
507 3227 604 3288 ceteri
625 3218 899 3311 cit-covrorcpe'rtp‘,
924 3232 1031 3308 aperte
1054 3247 1185 3311 corrup-

116 3333 195 3394 tum.
245 3330 401 3395 Stobaens
426 3338 461 3396 ut
485 3332 515 3396 Κ
539 3325 808 3419 ἆπονισσομένης.
855 3331 1018 3416 Berghins
1041 3341 1073 3398 et
1094 3336 1184 3419 Zieg-

115 3435 401 3520 lerusrecepernnt
412 3440 583 3503 lectionem
592 3438 797 3520 Mutinensis,
806 3438 973 3503 Behherus
988 3448 1018 3505 et
1028 3442 1184 3507 Sitzlerus

116 3543 237 3606 codicis
262 3543 299 3605 K.
346 3543 387 3606 Et
409 3545 460 3606 hic
477 3545 615 3627 ¹quidem
640 3545 706 3628 (tel
731 3544 771 3626 O)
796 3552 919 3610 rectum
952 3549 1105 3630 praebere
1138 3552 1184 3612 vi-

116 3648 219 3712 detur.
266 3649 349 3712 Nam
384 3671 457 3713 enni
493 3652 611 3714 dixerit
634 3658 740 3735 poeta:
779 3654 833 3716 roi·
866 3651 925 3735 μὲν
958 3654 1028 3736 (scl.
1052 3652 1182 3743 γήραος)

116 3751 340 3841 ἐπερχομένοι·,
372 3763 502 3840 apparet
524 3759 725 3821 inventutem
750 3778 816 3822 non
839 3759 999 3824 abituram
1024 3781 1103 3843 esse,
1128 3763 1184 3825 sed

116 3864 260 3944 coepisse
286 3865 352 3925 iam
380 3863 477 3944 abire,
510 3867 567 3947 qui
599 3884 712 3929 sensus
741 3866 832 3930 aliter
855 3887 892 3930 ac
914 3869 1076 3951 praesenti
1099 3859 1184 3932 ‹isco-

116 3966 308 4057 vrocopa'vpg
332 3972 468 4053 exprimi
491 3991 556 4033 non
579 3976 689 4054 potest.
736 3973 885 4036 Aoristns
915 3976 1018 4053 etiam,
1042 3965 1183 4038 draciac-

117 4071 266 4163 σαμένης,
292 4078 348 4157 qui
371 4079 537 4140 invenitur
560 4079 595 4140 in
619 4079 802 4162 anthologia
826 4079 973 4143 Palatina
999 4077 1070 4164 (IX,
1096 4080 1184 4161 118),
