2692 4576
671 224 691 288 8
798 323 801 332 .

150 412 213 475 1911
243 431 312 494 sqq.
358 409 519 494 Bergkius
548 410 687 474 ostendit
709 410 878 474 Welclrero
906 429 972 472 non
1000 429 1070 474 esse
1098 410 1213 474 adsen-

149 517 306 598 tiendum,
323 515 497 580 Stobacum
517 506 690 599 integriore
703 521 734 580 et
748 518 908 600 genuinae
923 515 1043 580 formae
1060 517 1213 580 similiore

150 644 247 706 quam
287 641 370 707 quae
408 642 496 686 nunc
538 623 741 706 possideatur
784 623 970 686 collectione
1010 643 1107 686 usum
1144 641 1212 686 esse

146 731 286 814 ponenti.
332 728 456 793 Nititur
471 730 589 812 optimo
605 730 677 791 iure
698 747 735 791 eo
750 730 902 810 maxime,
921 727 1056 812 quod'et
1072 749 1108 792 ea
1129 746 1210 811 quac

147 856 165 898 a
198 835 381 919 Theognide
415 854 482 898 non
514 834 654 918 profecta
687 836 722 896 in
755 834 855 898 libros
893 836 1091 919 irrepserunt
1125 834 1209 917 apud

148 941 320 1006 Stobaeum
358 960 486 1024 quoque
521 941 582 1005 sub
617 941 768 1004 lemmate
796 936 968 1026 Θεόγνιδος
1000 942 1149 1025 legantur
1180 947 1212 1003 01

147 1068 303 1112 versuum
335 1048 542 1111 laudatorum
583 1047 659 1110 ordo
698 1069 716 1110 0
754 1049 958 1132 compilatore
996 1047 1160 1111 exhibitus
1192 1067 1211 1109 0

145 1152 292 1216 0011101110
304 1158 489 1216 nostrorum
500 1173 564 1216 non
575 1154 705 1217 differat.
716 1154 783 1218 Nec
796 1155 935 1218 multum
941 1154 1054 1239 profici
1066 1154 1210 1218 lectioni-

146 1257 207 1322 bus
246 1259 333 1342 apud
364 1259 537 1324 Stobaeum
568 1261 769 1324 variantibus
803 1262 855 1324 hic
891 1263 1020 1344 quidem
1056 1259 1211 1339 concedit,

146 1367 288 1447 exceptis
312 1365 508 1447 quibusdam
537 1386 617 1447 quas
649 1367 872 1450 praeferendas
896 1386 966 1430 esse
987 1370 1087 1429 tenet:
1123 1364 1207 1445 quod

142 1470 262 1533 iniuria
286 1489 362 1534 eum
384 1471 498 1534 fecisse
525 1472 610 1534 10110
636 1474 670 1534 10
706 1473 840 1556 singulis
875 1473 953 1534 locis
990 1472 1208 1533 demonstrare

143 1576 288 1641 studebo
337 1575 448 1652 Qualis
472 1583 581 1640 autem
605 1578 857 1642 differentiarum
873 1583 988 1640 natura
1004 1581 1088 1639 esset
1111 1576 1207 1638 altius

141 1688 281 1747 nonest
307 1688 535 1767 perscrutatus,
581 1684 620 1746 In
649 1686 789 1748 editione
822 1690 984 1768 praeterea
1024 1690 1058 1748 01
1085 1690 1207 1748 0010100

142 1806 253 1851 010000
275 1789 320 1852 110
343 1789 514 1854 Stobenses
538 1811 667 1874 quoque
682 1792 769 1855 locos
791 1792 1034 1875 diligentissime
1057 1791 1206 1874 respexit.

250 1893 339 1979 Opus
363 1917 381 1960 a
403 1897 542 1981 Bergkio
567 1899 749 1981 neglectum
773 1918 943 1982 aggressus
968 1904 999 1961 01
1026 1898 1207 1961 felicissime

142 2000 178 2061 in
202 2019 238 2063 eo
262 2009 410 2067 versatus
434 2010 483 2069 est
499 2003 572 2067 Otto
591 2004 780 2084 Bernhardt,
803 2007 854 2067 vir
877 2005 916 2068 de
932 2004 1068 2068 Stobaeo
1092 2005 1209 2087 optime

141 2107 283 2170 meritus.
331 2108 471 2174 Probare
499 2111 551 2172 1110
575 2111 697 2173 studuit
726 2113 823 2188 (etsi
851 2131 916 2173 non
944 2117 1066 2174 certum
1100 2117 1208 2174 tamen

140 2214 423 2277 verisimillimum
451 2216 628 2279 reddidisse
662 2216 740 2277 mihi
775 2217 921 2297 videtur,
954 2236 1036 2300 quae
1069 2216 1207 2298 Kayseri

142 2338 274 2402 quoque
303 2323 462 2384 sententia
495 2329 552 2398 est,
575 2320 777 2404 Heidelberg.
801 2321 932 2385 Jahrbb.
963 2322 1046 2385 1861
1075 2345 1105 2407 p.
1132 2323 1206 2404 636)

144 2443 186 2487 ex
208 2426 432 2491 lemmatorum
455 2430 490 2491 in
512 2435 578 2492 toto
601 2426 757 2510 florilegio
782 2430 893 2492 eadem
916 2431 1144 2512 inaequalitate
1168 2450 1204 2494 00

140 2531 176 2593 10
199 2552 233 2595 10
256 2535 366 2616 posita,
400 2536 485 2618 quod
520 2537 615 2599 modo
639 2537 837 2621 adscriptum
871 2544 902 2600 et
931 2536 1006 2598 libri
1033 2544 1206 2600 00100001

140 2640 312 2722 scriptoris,
346 2642 441 2704 modo
475 2642 531 2705 1110
565 2645 788 2725 praetermisso
824 2643 883 2705 boc
911 2647 1038 2705 tantum
1061 2645 1203 2726 positum

140 2750 197 2826 est,
219 2747 254 2808 in
277 2748 427 2810 manibus
450 2748 549 2812 fuisse
573 2749 707 2813 Stobaeo
731 2750 795 2812 duo
826 2749 982 2833 florilegia
1004 2752 1049 2814 ita
1073 2751 1203 2834 quidem

138 2852 224 2914 inter
247 2871 281 2915 se
305 2854 527 2938 discrepantia,
560 2859 598 2918 ut
621 2875 696 2919 cum
729 2857 864 2919 alterum
893 2858 1019 2939 integra
1053 2857 1201 2919 lemmata

140 2958 284 3021 articulis
303 2962 528 3042 praemitteret,
547 2963 683 3026 alterum
700 2963 872 3046 adponeret
887 2964 968 3026 nihil
984 2965 1047 3026 0101
1063 2960 1201 3024 auctoris

138 3062 291 3144 nomen.1)
347 3065 415 3130 Neo
450 3068 587 3131 duarum
621 3070 738 3132 harum
777 3070 999 3133 collectionum
1038 3071 1074 3131 in
1102 3068 1203 3150 poetis

139 3173 222 3232 certe
246 3171 418 3236 afferendis
441 3176 575 3239 rationis
598 3177 739 3239 inveniri
759 3176 970 3240 differentiam
986 3175 1059 3256 (alia
1081 3191 1132 3235 100
1156 3179 1204 3235 001

138 3275 173 3336 10
201 3278 315 3339 0010110
350 3281 567 3362 scriptoribus
603 3301 667 3364 qua
700 3283 739 3346 de
773 3302 808 3346 re
843 3285 950 3366 agitur
983 3302 1011 3365 p.
1047 3279 1085 3340 11
1121 3280 1201 3361 sqq).

138 3379 370 3465 Transgressus
390 3390 460 3448 tum
474 3385 710 3451 Bernhardtius
727 3389 768 3451 ad
782 3388 1005 3456 diiudicandas
1023 3386 1206 3469 discrepan-

138 3488 200 3550 tias
217 3493 248 3550 et
265 3489 351 3552 inter
369 3490 543 3555 Stobaeum
559 3499 590 3557 et
607 3496 785 3578 scriptores
803 3514 942 3578 quorum
956 3493 1010 3556 1110
1021 3494 1204 3556 0001001100

137 3593 257 3675 profert
281 3600 312 3658 et
334 3597 419 3660 inter
441 3598 529 3662 locos
560 3599 608 3664 bis
638 3600 677 3664 ab
702 3602 814 3665 eodem
848 3602 969 3681 allatos,
1004 3619 1200 3681 quamquam

139 3697 346 3764 Stobcnsium
368 3703 525 3767 librorum
553 3707 701 3788 pravitati
730 3709 993 3791 corruptionique
1020 3709 1203 3772 incredibili

136 3824 344 3890 permagnam
381 3815 505 3892 partem
545 3811 749 3876 tribuendam
788 3833 858 3878 esse
896 3815 1057 3897 concedit,
1094 3820 1203 3879 tamen

244 4035 270 4104 1)
289 4035 343 4096 11,
362 4052 387 4104 p.
407 4036 431 4096 9.
