2692 4576
660 255 699 320 17

151 451 182 508 et
215 446 285 528 ipse
319 442 433 507 iisdem
466 441 607 511 confisus
640 444 805 525 exemplis.
860 443 1020 509 Omnibus
1052 449 1139 511 enim
1162 449 1213 513 his

151 552 230 614 locis
253 569 318 612 non
341 548 559 612 masculinum
584 555 632 611 est
663 550 893 632 supplendum,
926 552 981 615 sed
1004 552 1212 618 femininum:

152 660 218 722 scil.
254 659 417 742 γεγονυῖαν
450 655 502 717 vel
536 651 707 739 γεγονυίας.
758 655 872 738 Itaque
894 659 929 719 in
953 665 1060 722 nostro
1085 680 1213 744 quoque
1312 684 1316 689 ·

154 783 247 827 versu
281 761 316 844 ἐξ
338 754 477 847 ἀγαθῶν
509 760 692 844 significare
724 781 841 826 censeo
872 760 908 843 ἐξ
937 755 1076 848 ἀγαθῶν
1098 764 1216 851 γονέων

149 866 313 954 γεγονυίας
338 869 391 931 vel
415 857 512 944 οἵσας
535 867 670 945 ἵπποος.
718 867 770 932 Sic
790 872 985 933 constructio
1002 873 1096 935 etiam
1112 875 1213 938 multo

147 976 249 1038 lenior
272 976 309 1038 fit
334 997 429 1060 qnam
449 977 581 1059 Berglrii
603 976 864 1058 interpretatione
888 983 1026 1059 accepta.
1071 978 1112 1042 In
1126 981 1213 1044 huno

148 1084 234 1144 enim
259 1083 392 1145 modum
418 1081 610 1145 vertendum
635 1085 695 1143 est:
722 1078 932 1162 „Quaerimus
949 1102 1050 1166 equos
1072 1090 1130 1150 eto.
1155 1107 1213 1151 no-

148 1186 229 1249 biles
253 1189 396 1272 itemque
421 1196 566 1273 optamus
590 1192 627 1250 ut
650 1187 683 1248 hi
705 1186 842 1251 feminas
866 1207 920 1252 eas
943 1194 1069 1253 tantum
1091 1193 1212 1276 ineant,

150 1314 232 1374 quae
257 1295 427 1359 nobilibus
450 1296 636 1378 parentibus
660 1299 746 1356 ortae
763 1294 853 1356 sint.“
897 1293 978 1358 Mihi
995 1297 1128 1378 quidem
1145 1319 1211 1362 om-

149 1401 202 1462 nia
227 1404 344 1483 optime
368 1423 456 1465 nunc
472 1421 542 1466 sese
565 1402 717 1464 videntur
738 1397 864 1462 habere.
889 1395 1080 1488 κνήσασθαι
1104 1410 1211 1468 autem

148 1506 335 1571 Welclrerns
358 1511 377 1571 l.
401 1511 420 1572 l.
444 1511 621 1572 rectissime
654 1507 795 1590 glossam
831 1505 914 1567 dixit
948 1508 1018 1587 „vel
1051 1509 1090 1572 ob
1122 1530 1211 1575 vere·

146 1613 299 1676 cundiam
322 1615 445 1678 illatam
468 1616 519 1678 vel
543 1615 583 1677 ob
607 1613 813 1676 insolentiam
838 1611 940 1674 futuri
964 1633 1039 1676 cum
1058 1611 1210 1696 βούλεται

145 1721 335 1800 oorrjuncti.“
383 1721 424 1784 lit
448 1741 490 1784 ex
515 1741 614 1784 sensu
638 1737 767 1800 quoque
782 1719 975 1799 pessimum:
1000 1739 1076 1782 nam
1092 1718 1211 1809 βήσεσ-

145 1829 209 1885 θαι
234 1827 261 1886 si
285 1827 411 1908 legitur,
434 1828 599 1888 enuntiato
623 1821 680 1888 καί
713 1847 764 1898 τις
787 1817 937 1903 βούλεται
961 1823 1028 1888 κτλ.
1054 1830 1131 1890 novi
1154 1830 1210 1891 ali-

147 1931 226 2009 quid
251 1931 390 2008 additur,
415 1951 491 1994 cum
514 1927 705 2018 κνήσασθαι
738 1926 837 1990 verbo
872 1929 907 1990 in
930 1934 1055 1996 textum
1083 1942 1209 2018 recepto

145 2036 233 2116 prior
256 2040 381 2099 tantum
405 2039 564 2100 sententia
589 2030 697 2120 κριοὺς
713 2071 756 2078 -
771 2026 915 2118 εὗγενέας
929 2040 1072 2104 maxime
1086 2043 1211 2107 insulse

144 2147 316 2224 repetatur.
364 2143 432 2205 Nec
455 2149 564 2206 tamen
588 2141 696 2222 defuit,
721 2142 777 2222 qui
802 2142 943 2224 ineptam
966 2143 1135 2210 lectionem
1160 2168 1210 2213 re-

143 2252 279 2332 ciperet:
327 2271 390 2314 van
424 2249 622 2312 Herwerden
670 2249 705 2308 in
751 2245 860 2310 libello
898 2249 1208 2319 Animadversiones

142 2357 357 2441 Philologioae
374 2357 415 2420 ad
426 2355 641 2438 Theognidem
665 2352 850 2440 inscriptol)
866 2376 895 2438 p.
914 2358 963 2418 11.
982 2359 1031 2420 12.
1057 2358 1207 2424 Ceterum

143 2464 230 2545 quod
253 2464 413 2548 Berglrius
438 2461 528 2525 affert
551 2460 592 2523 ad
615 2458 868 2524 confirmandam
892 2463 1061 2527 lectionem
1087 2462 1208 2553 βήοοο-

141 2571 205 2630 θαι
227 2570 391 2634 Themistii
414 2571 522 2633 locum
559 2565 665 2647 (XXI,
689 2587 717 2648 p.
743 2567 806 2629 302
832 2569 878 2630 ed.
903 2567 1035 2652 litant),
1070 2573 1205 2637 minime

143 2675 223 2736 mihi
258 2676 384 2739 videtur
418 2680 541 2738 certum
564 2672 774 2736 Themistium
804 2693 839 2737 re
875 2695 951 2738 vera
981 2679 1139 2759 respicere
1167 2679 1208 2741 ad

141 2783 331 2844 sententiam
358 2787 511 2845 nostram:
540 2782 612 2862 ipsa
640 2779 738 2843 verba
764 2799 890 2862 ponam,
917 2782 1090 2846 lectoribus
1119 2785 1206 2865 jndi-

140 2891 226 2950 cium
248 2891 449 2971 permittens:
475 2882 538 2972 ἐγώ
557 2880 688 2970 μὲνγὰρ
707 2877 896 2970 optimate
915 2887 1025 2951 ἵππον
1040 2886 1206 2970 ἐξετάζον-

142 3017 200 3070 τας
223 2989 279 3058 τὸν
308 2991 494 3083 (landaven,
519 2989 549 3057 εἰ
572 2986 690 3078 γαῦρός
713 3013 748 3054 νε
778 2988 834 3054 καὶ
862 2984 1012 3080 latretano
1039 2992 1096 3058 καὶ
1120 2993 1206 3061 ἐλεύ-

140 3101 246 3183 θερος.

242 3205 349 3270 Etiam
383 3208 575 3270 coniecturis
613 3206 702 3268 locus
737 3208 879 3267 tentatus
903 3210 958 3268 est.
1005 3205 1204 3273 Schmidtius

135 3311 154 3373 l.
180 3311 200 3375 l.
237 3314 276 3393 (r.
302 3333 400 3396 supra
422 3335 451 3397 p.
478 3312 510 3394 7)
543 3334 562 3376 a
589 3312 815 3394 Xenophontis
847 3311 982 3375 lectione
1010 3309 1203 3401 κνήσασθαι

135 3417 296 3499 profectus
321 3421 458 3483 coniecit
481 3415 659 3499 araneosa,
685 3436 786 3499 aeque
802 3423 899 3500 atque
923 3436 982 3501 ego
1006 3420 1046 3482 ad
1069 3418 1105 3501 ἐξ
1122 3413 1204 3506 ἆγο-

134 3526 208 3586 θῶν
236 3545 301 3588 non
327 3515 423 3602 ὄντας
450 3527 585 3605 ἵππους,
616 3525 672 3588 sed
703 3513 801 3600 οἵοοες
830 3525 982 3608 supplens
1006 3575 1012 3587 .
1035 3523 1202 3615 βήοεοθαι

137 3631 220 3692 enim
256 3633 344 3714 quod
376 3632 488 3696 itidem
524 3637 560 3696 ut
591 3631 754 3714 Bergkins
789 3631 935 3712 explicat,
968 3630 1050 3697 duas
1083 3634 1202 3700 habere

137 3733 328 3801 offensiones
358 3745 466 3822 putat:
500 3740 638 3822 primum
669 3737 829 3818 futurum,
857 3737 942 3819 quod
973 3739 1102 3803 tolerari
1129 3746 1200 3804 tum

136 3844 260 3904 tantum
288 3862 381 3926 posse
408 3845 518 3926 credit,
546 3847 573 3908 si
602 3865 659 3927 pro
687 3840 838 3927 βούλεται
868 3844 956 3907 aliud
986 3846 1120 3910 verbum
1144 3866 1202 3909 ex-

242 4072 267 4139 1)
286 4071 391 4126 Prodiit
408 4071 584 4126 Herwerdeni
604 4073 791 4128 commentatio
810 4089 834 4129 a.
854 4074 932 4129 1870.

983 4178 1000 4229 2
