2692 4576
633 264 675 329 53

118 451 237 535 prodiit
262 450 373 532 1543),
397 452 485 534 qued
508 452 587 515 dicit
609 451 812 535 Welelrerus‚
836 460 892 518 aut
914 455 1082 520 Turnebus
1115 457 1186 541 (qui

121 561 207 622 1553
232 559 332 623 edidit
354 557 592 641 Theegmdem),
617 559 703 641 qued
727 559 858 622 adnotat
880 559 1055 626 Beklrerus.

227 686 257 728 v.
283 665 368 728 1160
392 683 449 746 pro
473 659 581 746 θομόι
604 703 646 710 -
670 663 809 744 τελέσαι,
834 667 922 747 quod
945 674 993 732 est
1015 671 1050 732 in
1065 669 1185 753 Theog-

118 774 203 849 nide‚
226 771 313 837 Steb.
337 775 373 834 a.
398 806 440 815 -
464 767 605 857 κορέσαι,
630 771 683 835 vel
705 792 734 833 v.
753 772 838 834 1158
861 771 926 837 fine
952 766 1186 862 ὗττερκορέοαις

117 879 303 963 perductus,
326 877 377 940 vel
401 877 487 959 qued
511 876 601 939 verbi
632 873 760 941 τελέσαι
784 879 852 940 vim
880 899 945 942 nen
968 882 1183 966 intellegebat.

118 985 222 1051 τελεῖν
244 985 298 1047 hic
320 983 432 1047 itidem
455 988 647 1065 usurpatum
671 989 778 1047 estut
808 985 842 1047 in
868 980 940 1049 σόοι
963 988 1074 1068 τελεῖν,
1100 1009 1184 1070 „mo-

117 1112 186 1157 rem
209 1092 308 1155 alicui
331 1090 458 1174 gerere“
481 1089 576 1152 Hom.
595 1089 632 1169 Ψ,
651 1092 723 1172 149,
746 1092 781 1153 in
807 1088 935 1155 τελέσαι
955 1089 1057 1174 κότον,
1082 1091 1185 1177 χόλον,

119 1201 216 1281 „iram
250 1198 395 1279 satiare“,
418 1202 470 1275 A,
496 1197 551 1278 82,
575 1200 615 1275 A,
651 1197 722 1259 178.
769 1196 941 1280 Perperam
974 1201 1074 1283 igitur
1110 1202 1186 1266 feeit

119 1305 336 1389 HartungiuS,
354 1304 441 1388 qued
454 1299 584 1384 κορέσαι
599 1323 656 1385 pro
671 1299 799 1366 τελέσαι
812 1305 849 1365 in'
858 1309 986 1369 textum
1001 1309 1128 1392 recepit.
1142 1346 1183 1354 —

225 1433 255 1476 v.
283 1409 549 1474 1161-1162.
580 1429 608 1471 v.
632 1410 672 1472 ad
695 1430 746 1471 vr.
771 1410 946 1476 409-410
971 1415 1011 1497 (p.
1037 1413 1079 1476 24
1103 1416 1184 1499 sqq).

224 1540 254 1581 v.
281 1514 544 1581 1163-1164.
571 1517 599 1597 3,
625 1516 673 1578 19.
697 1514 803 1579 'Locus
819 1518 853 1579 in
869 1517 1052 1603 Theognide
1072 1523 1184 1586 miser-

116 1628 198 1691 rime
220 1630 399 1708 corruptus.
447 1623 581 1707 Legitur
602 1623 670 1685 hic:

222 1724 414 1820 Ὀφθαλμοὶ
443 1727 500 1795 καὶ
524 1729 656 1815 γλῶσσα
679 1725 735 1792 καὶ
761 1718 861 1792 olera
884 1728 938 1794 ael
964 1728 1036 1809 ι’όο,ἱ
1059 1725 1185 1819 ἀνδρῶν

227 1835 261 1901 ἐν
281 1835 394 1923 μέσσῳ
418 1833 570 1925 στηθέων
592 1834 626 1899 ab·
649 1837 792 1911 σοιέτοῖς
816 1829 942 1920 φύεται,

126 1944 221 2021 ‚eeuli
253 1948 285 2007 et
314 1946 426 2029 lingua
459 1948 490 2006 et
524 1963 617 2007 aures
652 1950 683 2008 et
720 1964 812 2008 mens
839 1945 985 2007 virerum
1016 1948 1051 2008 in
1078 1945 1183 2008 medio

124 2057 251 2136 pectore
273 2056 321 2116 est
340 2053 376 2114 in
394 2050 591 2134 sapientibus
615 2051 680 2135 (vel
702 2049 950 2134 prudentibus)‘.
988 2051 1134 2114 Primum
1151 2049 1185 2114 έν

123 2160 159 2221 in
190 2162 386 2241 pentametro
417 2158 469 2221 bis
504 2158 645 2239 positum
679 2157 887 2221 offensionem
917 2157 1027 2238 habet;
1067 2158 1184 2222 deinde

121 2266 249 2329 tolerari
273 2284 338 2328 nen
361 2270 478 2348 petest⁷
502 2264 586 2346 qued
612 2266 734 2329 dictum
759 2268 806 2327 est
829 2269 971 2328 mentem
995 2265 1184 2347 ,virorum‘

118 2371 332 2457 prudentibus
359 2373 395 2442 iu
425 2378 551 2454 pectore
575 2391 658 2435 esse:
699 2364 824 2459 ἀνδρῶν
858 2374 1113 2437 additamentum
1135 2373 1185 2434 in-

121 2480 330 2563 eptissimum.
377 2475 527 2560 Denique
549 2479 609 2540 lesi
634 2482 791 2544 sententia
808 2500 889 2563 quae
913 2481 954 2543 sit
977 2497 1029 2541 me
1053 2478 1184 2560 quidem

124 2586 252 2649 omuino
285 2605 353 2648 nen
387 2585 574 2668 intellegere
608 2584 721 2649 fateor:
767 2588 875 2650 oeulos
909 2603 1004 2648 aures
1038 2584 1183 2666 linguam

121 2693 228 2774 menti,
251 2687 324 2777 νόῳ,
349 2693 468 2774 opponi
491 2693 556 2755 seio
582 2705 624 2772 tr.
649 2711 674 2755 e.
699 2714 728 2775 g.
752 2713 782 2773 r.
809 2689 972 2756 365160.
997 2688 1105 2770 1183),
1127 2690 1184 2752 sed

120 2799 228 2861 emnia
259 2803 415 2881 quattuor
442 2818 507 2881 que
531 2800 602 2861 iure
629 2800 673 2861 ita
697 2801 937 2883 coniungantur
963 2802 994 2861 et
1020 2798 1056 2858 iu
1078 2796 1183 2859 medie

118 2910 246 2987 pertore
268 2905 484 2987 prudentibus
507 2906 610 2988 posita
630 2905 779 2968 dicantur
800 2926 866 2969 non
891 2923 1055 2986 assequor.
1078 2901 1184 2967 Locus

118 3015 298 3094 corruptus.
361 3009 501 3085 Quinam
542 3012 641 3093 igitur
678 3012 804 3074 fruetus
842 3013 964 3094 percipi
1001 3014 1105 3093 petest
1143 3029 1185 3074 ex

118 3117 279 3181 Stobaeo?
325 3118 425 3200 Apud
448 3118 536 3180 hune
558 3118 688 3200 legitur:

122 3254 125 3259 ·
223 3216 413 3312 Ὀφιλοιλμοὶ
437 3221 494 3287 καὶ
519 3223 650 3308 γλῶσσα
673 3221 728 3288 καὶ
754 3214 854 3288 οὔατα
886 3221 942 3288 καὶ
967 3218 1039 3300 νόος
1062 3215 1186 3309 ἀνδρὸς

226 3327 260 3394 ἐν
281 3327 394 3416 μέσσῳ
419 3328 569 3418 στηθέων
592 3322 784 3408 sitiveras·
807 3326 933 3418 φύεται.

118 3436 169 3501 Ne
202 3438 282 3501 haee
317 3437 447 3519 quidem
472 3437 608 3520 intelligi
642 3442 786 3518 pessunt.
834 3436 966 3500 Grotius
991 3434 1102 3503 (Gaisf.
1127 3434 1185 3515 IV,

117 3564 147 3627 p.
174 3544 228 3624 12)
252 3545 361 3608 vertit:
710 3561 712 3568 ·
949 3530 956 3547 ⁶

279 3649 333 3713 Illi
350 3650 461 3733 lingua
484 3652 574 3734 sapit
599 3653 685 3716 oculi
709 3670 849 3736 quoque,
874 3667 934 3712 nee
957 3649 1068 3712 minus
1091 3666 1185 3711 aures

281 3755 437 3840 Quaeque
460 3759 520 3820 sita
543 3759 577 3820 in
600 3760 703 3822 medio
732 3763 780 3822 est
802 3762 930 3840 pectore
959 3773 1051 3818 mens
1075 3754 1184 3817 animi.

120 3862 212 3938 Quae
234 3883 324 3928 mera
345 3865 466 3949 ineptia
490 3871 549 3928 est:
578 3885 638 3929 nee
661 3871 770 3929 tamen
792 3864 882 3927 loeus
911 3861 1002 3924 aliter
1024 3862 1107 3923 verti
1130 3878 1185 3942 pe·

119 3976 192 4037 test.
231 3971 281 4035 Ita
303 3972 404 4055 igitur
426 3972 507 4034 nihil
525 3972 721 4055 proficimus.
755 3971 819 4035 Sed
835 3972 930 4034 aliam
945 3971 1033 4032 viam
1047 3967 1187 4050 ingressi

120 4082 199 4143 aunt
220 4078 371 4143 nonnulli
395 4077 623 4163 (Hartungius
646 4079 814 4162 Bergkius,
838 4076 1023 4157 Sitzleruslt
1059 4072 1188 4139 Stebaei
