2692 4576
652 211 779 319 ιε’

140 442 299 525 Exempla
325 443 434 525 aliqua
460 442 543 505 addo
569 443 666 526 plane
696 442 822 507 similia.
868 441 1055 524 Apostolius
1083 462 1112 503 r.
1138 441 1201 504 537

141 568 198 632 pro
221 547 341 611 verbis:

300 644 371 718 αὔτε
383 649 443 740 γὰρ
455 652 491 719 ἐκ
503 651 635 744 cuii-Ape
646 641 727 741 ῥόδα
743 651 860 741 φύεται
880 644 945 718 old
970 646 1128 730 ldaivoog

299 750 372 825 οὔτέ
393 753 469 826 ποτ’
487 757 523 826 ἐκ
547 759 660 850 δούλης
682 759 793 826 τέκνον
815 757 999 846 ἐλευθέριον

140 903 238 966 altero
270 923 369 967 versu
403 905 520 967 omisso
539 905 661 987 posuit
691 893 810 968 οὔποτε
837 899 873 966 ἐκ
900 922 949 965 ατ.
978 900 1059 980 κτλ,
1085 901 1203 984 quippe

140 1029 214 1073 cum
261 999 345 1088 obre,
388 1011 443 1072 cui
482 1029 548 1073 non
587 1010 724 1073 alterum
767 999 839 1074 oles
876 1007 1060 1090 respondet,
1103 1026 1202 1070 sensu

139 1121 269 1179 careret.
322 1115 440 1179 Itidem
475 1116 663 1179 Athenaeus
698 1116 770 1196 (10,
797 1116 863 1177 428
893 1112 944 1191 D)
979 1133 1008 1175 v.
1044 1115 1109 1176 485
1143 1132 1201 1196 pro

140 1220 248 1283 verbis
279 1212 347 1284 eat
372 1212 393 1310 ἤ
415 1219 496 1308 πρὶν
516 1217 653 1304 μεθύειν
674 1214 895 1298 ὑπανίστατο,
921 1219 1043 1302 quibus
1065 1218 1150 1281 infra
1171 1238 1203 1279 r.

82 1386 88 1393 .
140 1327 204 1390 487
233 1317 409 1416 ἢπαρεών
434 1323 480 1416 μή
508 1330 585 1392 πῖνε
613 1328 796 1411 respondet,
821 1327 906 1409 quod
935 1327 965 1389 ei
992 1327 1047 1408 qui
1075 1330 1202 1388 tantum

139 1453 243 1515 usque
267 1434 306 1496 ad
329 1454 358 1496 v.
382 1432 447 1497 486
463 1435 572 1497 locum
595 1435 748 1516 laudaret,
771 1425 840 1498 ἄλλ)
864 1423 886 1521 ἤ
909 1431 1007 1494 verba
1025 1450 1091 1492 non
1111 1435 1203 1493 erant

136 1539 253 1602 idonea
286 1539 404 1622 quibus
436 1542 472 1602 in
494 1540 677 1624 Theognide
700 1560 767 1603 non
789 1544 894 1624 potest
913 1538 1026 1617 careri,
1059 1537 1200 1620 scripsit:

136 1642 217 1731 πρὶν
227 1642 363 1728 μεθύειν
375 1637 453 1734 ἔρξῃ
469 1639 497 1711 d⁰
512 1639 732 1711 αἰττανίστασο.
765 1645 826 1709 Ofr.
842 1645 927 1707 infra
948 1646 1034 1706 inter
1055 1644 1142 1706 locos
1162 1642 1204 1705 ab

136 1752 302 1816 Athenaeo
319 1760 499 1836 usurpatos.
516 1749 558 1798 ’-
578 1753 617 1816 In
633 1753 745 1816 eodem
759 1772 857 1816 versu
870 1751 1009 1834 Theogn.
1021 1750 1088 1812 cod.
1100 1751 1129 1811 A
1141 1753 1202 1832 βα-

136 1853 289 1944 θυκήτεα,
303 1860 400 1922 ceteri
412 1878 523 1922 omnes
535 1855 726 1946 μεγακήτεα,
739 1858 867 1922 Stobeei
880 1857 970 1920 codd.
983 1855 1046 1918 AB
1065 1855 1200 1918 Gesneri

138 1960 274 2044 mergol)
289 1959 487 2051 βαθατήτεα,
510 1947 644 2047 uulgata
662 1960 852 2053 μεγακήτεα.
879 1963 931 2026 Ex
947 1968 1126 2026 ceterorum
1143 1963 1200 2045 qui

138 2067 226 2130 hunc
247 2069 355 2132 locum
383 2070 520 2134 afferunt
547 2072 737 2154 scriptorum
764 2090 901 2134 numero
928 2071 1068 2153 priorem
1092 2070 1200 2132 lectio·

136 2192 211 2236 nem
227 2174 382 2238 exhibent
399 2175 495 2240 Olem.
509 2177 604 2242 Alex.
618 2177 702 2240 Plut.
720 2178 758 2240 de
772 2177 866 2241 Stoic.
885 2196 1018 2259 repugn.
1035 2176 1079 2259 (r.
1091 2173 1198 2259 infra.)

133 2275 316 2366 μεγακήτεα
347 2288 456 2346 autem
484 2283 642 2346 Plutarch.
674 2284 713 2347 de
741 2304 901 2348 commun.
936 2288 1002 2346 not.
1030 2281 1073 2366 (v.
1097 2283 1200 2363 infra.)

133 2385 236 2449 Schol.
282 2387 457 2470 Thucydid.
502 2388 603 2452 Crem.
646 2391 768 2454 Anecd.
805 2391 960 2454 Theodor.
1007 2386 1199 2476 βαθαεήτεα

133 2498 298 2575 praeterea
330 2495 448 2578 legitur
477 2495 580 2559 tribus
610 2495 744 2560 Luciani
777 2499 870 2578 locis,
894 2496 1013 2580 quibus
1044 2498 1083 2560 ad
1116 2498 1198 2560 hanc

91 2582 93 2585 ⁵
133 2601 326 2663 sententiam
348 2598 517 2686 respicit2).
539 2598 800 2692 βαθεκήτηςὴοε
822 2609 950 2667 tantum
964 2603 1103 2684 Theogn.
1128 2603 1198 2666 loco

134 2708 300 2788 occurrirt,
323 2703 504 2796 μεμακήτης
526 2709 611 2792 apud
626 2709 804 2773 Homerum
824 2705 1013 2802 usitatum3).
1036 2709 1203 2773 Facillime

131 2813 232 2895 igitur
266 2817 297 2876 et
329 2816 498 2897 scriptores
533 2818 589 2898 qui
624 2817 771 2880 versibus
805 2816 978 2880 utebantur
1012 2821 1043 2879 et
1075 2815 1198 2879 librarii

132 2919 241 2981 minus
270 2919 439 3002 diligentes
468 2925 506 2983 ut
533 2942 589 3004 pro
617 2923 775 2987 vocabulo
803 2943 875 2986 raro
905 2924 1015 2986 notius
1044 2928 1198 3006 ponerent

133 3031 279 3109 poterant
311 3027 432 3090 induci.
488 3026 615 3111 Optime
652 3031 751 3112 igitur
789 3029 953 3092 firmatum
992 3024 1201 3118 βαθεκὴτηςε.

134 3151 207 3196 nam
231 3140 343 3197 contra
367 3153 423 3216 pro
445 3131 634 3224 μεμαεὴτης,
659 3137 685 3198 si
708 3138 888 3215 genuinum
912 3140 1003 3217 esset,
1027 3137 1202 3219 scriptores.

133 3238 337 3303 substituisse
365 3259 476 3303 vocem
508 3242 641 3305 minime
669 3244 794 3305 solitam
823 3244 955 3326 cogitari
983 3262 1047 3305 non
1077 3249 1197 3325 potest;

132 3351 163 3408 et
186 3347 308 3409 accedit
330 3348 362 3408 A
384 3346 457 3408 libri
495 3350 666 3412 auctoritas
701 3351 837 3433 egregia.
884 3349 1001 3412 Melius
1030 3351 1123 3412 etiam
1154 3369 1196 3412 ex

132 3470 231 3514 sensu
254 3449 461 3540 βαθεκήτης
492 3460 621 3538 propter
643 3454 742 3518 verba
775 3458 907 3541 ῥιπτεῖν
930 3449 1017 3519 κατὰ
1041 3453 1195 3541 πετρέων,

236 3716 263 3784 1)
282 3717 323 3769 De
342 3717 447 3771 Stobaei
466 3719 605 3772 codicibus
623 3736 649 3773 v.
669 3720 750 3774 Gaisl.
769 3720 790 3788 I,
810 3737 834 3787 p.
855 3719 894 3772 IV
914 3736 971 3788 sqq.

237 3809 265 3874 2)
284 3807 325 3859 De
343 3823 424 3866 merc,
444 3809 520 3867 cond,
541 3825 563 3861 c.
583 3810 607 3875 5,
626 3809 703 3878 Apol.
722 3826 769 3878 pro
788 3825 868 3862 merc.
890 3810 966 3865 cond.
988 3825 1009 3862 o.
1025 3809 1066 3876 10,
1085 3808 1150 3863 Tim.
1171 3825 1193 3861 c.

10 3935 13 3949 ,
129 3889 164 3945 26
183 3890 246 3960 (non
265 3895 308 3961 25,
328 3897 398 3962 quod
416 3897 632 3967 adnot.{Berglr.)
652 3897 751 3952 Omnes
779 3900 833 3952 tres
863 3899 935 3952 locos
963 3900 1032 3951 totos
1051 3895 1200 3964 exscripsit.

128 3977 225 4048 Bergk.
243 3981 273 4033 in
291 3983 379 4040 adnot.

235 4070 262 4138 3)
282 4070 328 4122 cfr.
347 4072 455 4140 y,158;
476 4077 506 4142 Θ,
526 4074 592 4141 222;
611 4079 647 4143 A,
666 4077 691 4143 5,
712 4075 778 4143 6003
799 4083 832 4143 Φ,
852 4075 893 4133 22.
