2692 4576
661 267 766 362 eo,

137 456 281 519 occurrit
307 474 366 538 pro
403 451 474 538 ἕως,
503 454 561 518 sed
593 454 724 518 demum
755 456 841 540 apud
875 459 1066 541 posteriores
1097 463 1207 542 poetas

137 564 249 644 epicos
276 572 313 624 ut
340 562 448 624 hiatus
476 562 604 642 vitetur,
636 561 727 624 velut
758 562 793 624 in
821 561 953 644 Hymno
987 564 1027 627 ad
1059 562 1206 628 Cererem

139 688 171 730 v.
198 669 275 731 138:

185 769 405 861 προφρονέως,
430 767 513 861 φίλοι
537 768 641 852 τέκνα,
667 768 748 849 τέως
770 768 854 858 πρὸς
873 766 1006 857 δώμαθ’
1027 775 1161 857 ἵκωμαι.

249 879 398 962 Denique
421 880 523 965 τῆμος
557 897 718 960 nusquam
754 881 840 963 apud
875 883 1044 965 scriptores
1069 880 1206 944 Graecos

137 987 232 1050 aliud
256 985 416 1070 significat
440 1005 537 1067 quam
557 1004 611 1066 „eo
626 987 787 1068 tempore“
807 986 1056 1052 demonstrative
1075 987 1206 1050 dictum.

138 1095 282 1157 Tolerari
305 1094 404 1176 igitur
426 1096 535 1154 nostro
558 1093 628 1155 loco
651 1093 741 1155 nullo
769 1093 864 1156 modo
887 1099 1000 1177 potest,
1032 1095 1095 1157 nisi
1126 1093 1206 1158 forte

139 1199 364 1263 cumSitzlero
387 1217 507 1281 ponere
530 1198 580 1261 vis
599 1199 700 1283 τῆμος
714 1191 771 1280 δι’,
791 1200 877 1282 quod
897 1202 1025 1284 scripsit
1037 1200 1207 1264 Jacobsius

67 1320 70 1324 '
140 1309 179 1369 iu
192 1305 389 1388 Anthologia
401 1303 550 1367 Palatina
574 1304 701 1368 duobus
715 1305 795 1369 locis
810 1305 915 1388 (VIII,
934 1307 986 1389 26,
1002 1308 1042 1369 10
1065 1311 1097 1370 et
1111 1308 1162 1387 23,
1176 1307 1206 1386 3)

145 1413 236 1495 quod
270 1417 379 1475 tamen
414 1411 498 1494 apud
537 1409 751 1494 Theognidem
787 1433 937 1496 magnam
973 1412 1207 1476 dubitationem

141 1523 257 1582 movet.
314 1517 384 1594 Qua
421 1518 460 1581 dc
498 1537 596 1581 causa
633 1518 842 1582 scribendum
882 1538 959 1583 oum
994 1518 1207 1583 deterioribus

139 1625 233 1689 libris
257 1613 345 1714 ἦμος.

248 1751 277 1796 v.
315 1732 378 1793 998
412 1730 614 1792 Athenaeus·
632 1734 664 1792 et
699 1748 810 1793 onmes
843 1730 909 1792 fere
943 1729 1082 1813 Theogn.
1118 1732 1206 1794 codd.

44 1870 49 1876 ·
141 1834 363 1924 παραγγέλλοι
395 1837 573 1918 optativum
602 1835 648 1918 (A
673 1834 698 1898 Ο
728 1836 783 1897 alii
811 1839 876 1902 levi
900 1858 1006 1903 errore
1030 1836 1208 1900 alterumt

140 1945 317 2028 omittunt).
353 1941 521 2005 Behherus
545 1946 576 2004 et
599 1941 789 2007 Welcherus
814 1964 856 2008 ex
879 1947 1064 2009 coniectura
1078 1965 1207 2028 παραγ-

142 2047 246 2135 γέλλει
270 2049 481 2111 indicativum
497 2054 685 2132 posuerunt,
708 2051 842 2114 iniuria:
868 2072 897 2114 v,
919 2051 1057 2136 Krtiger,
1081 2050 1206 2114 Grieoh.

141 2156 283 2239 Sprachl.
311 2155 355 2237 ΙΙ,
389 2157 439 2236 54,
469 2153 519 2237 17,
546 2156 585 2218 A.
615 2157 648 2235 33
683 2156 737 2219 ctr.
761 2156 874 2247 Mimn
899 2159 927 2240 1,
956 2157 977 2220 2
1005 2152 1206 2244 Τεθναίην,

137 2255 206 2326 ὅτε
231 2285 290 2345 μοι
313 2259 430 2350 μηκέτι
454 2263 557 2326 ταῦτα
579 2259 711 2344 μέλοι,
733 2262 829 2327 Hom.
853 2269 888 2347 Σ,
912 2265 992 2327 464:

229 2363 270 2432 αἲ
289 2364 349 2455 γάρ
367 2393 426 2451 μιν
443 2365 591 2435 θανάτου
607 2368 759 2459 δυσηχέος
780 2358 844 2434 ὧδε
860 2365 1049 2458 δυναίμην

229 2471 345 2560 νόσφιν
369 2467 574 2563 ἀποκρύψαι,
599 2472 662 2542 ὅτε
683 2503 742 2561 μιν
764 2473 863 2563 μόρος
886 2471 977 2552 αἰνὸς
1001 2471 1117 2540 ἱκάνοι.

246 2601 275 2642 v.
302 2582 365 2643 999
380 2583 416 2643 in
430 2582 612 2663 Theognidc
633 2579 769 2649 δείπνου
793 2581 828 2648 δὲ
848 2578 1007 2671 λήγοιμεν,
1033 2575 1116 2645 ὅπου
1132 2580 1205 2644 AO

138 2689 188 2771 (ιε
211 2682 277 2775 ληγ.
303 2689 400 2750 ceteri
422 2687 488 2750 fere
512 2707 632 2771 omnes,
657 2684 696 2777 δὴ
719 2687 786 2778 λήγ.
811 2689 843 2752 K
865 2708 905 2752 ex
930 2688 1033 2770 coni),
1049 2687 1207 2751 Athenaei

136 2794 207 2858 cod.
234 2794 479 2876 antiquissimus
496 2794 527 2856 A
548 2793 575 2858 δ.
593 2789 633 2883 δὴ
655 2792 745 2884 ληγοι
762 2793 857 2878 μένος
880 2787 924 2877 οὗ,
948 2794 975 2858 Ρ
1000 2793 1028 2858 δ.
1053 2788 1093 2883 δὴ
1116 2788 1208 2881 λήγοι

137 2897 233 2982 μένος
261 2890 304 2965 ὃν.
356 2899 440 2964 Satis
467 2902 576 2984 gravis
603 2903 772 2984 corruptio
803 2903 859 2965 sed
890 2902 1027 2983 vestigia
1055 2904 1209 2984 apparent

137 3007 314 3070 lectionum
328 3003 487 3093 λήγοιμεν,
506 2999 583 3072 ὅσον
598 3014 629 3071 et
641 3002 800 3095 λήγοιμεν,
816 3001 900 3071 ὅσον.
946 3007 989 3071 Et
1005 2999 1081 3072 ὅσον
1093 3026 1208 3071 censeo

136 3112 346 3176 scribendum
369 3133 449 3195 esse,
472 3133 537 3177 non
550 3114 709 3177 Athenaei
720 3112 811 3178 XVI.
830 3115 952 3178 saecuti
974 3115 1049 3177 libri
1072 3115 1208 3178 lectione

136 3238 242 3303 eaque
265 3225 413 3303 corrupta
444 3221 557 3303 fretus,
592 3221 648 3284 sed
684 3219 770 3304 quod
800 3239 916 3284 sensus
946 3222 1108 3305 postrdare
1130 3222 1211 3284 mihi

136 3327 279 3390 videtur:
306 3321 390 3392 ὅπου
411 3329 497 3391 enim
513 3347 580 3391 non
591 3327 751 3412 intellego.
796 3327 879 3391 Turn
897 3328 1035 3392 scribere
1060 3327 1210 3410 equidem

135 3453 203 3497 non
228 3434 443 3498 dubitaverim
467 3429 516 3522 δὴ,
542 3435 628 3518 quod
652 3439 700 3499 est
726 3436 761 3498 in
784 3435 951 3500 Athenaeo
973 3440 1005 3499 et
1027 3433 1059 3498 K
1081 3454 1139 3517 pro
1163 3431 1207 3513 δὲ,

136 3541 227 3622 quod
249 3546 358 3605 tamen
390 3541 531 3605 defendit
560 3543 776 3626 Hermannus‚
811 3542 966 3625 apodosin
1000 3542 1131 3604 omnino
1156 3540 1210 3604 de·

137 3664 209 3708 esse
233 3653 331 3712 ratus.
379 3647 505 3724 Quibus
530 3648 810 3712 emendationibus
827 3649 978 3713 adhibitis
995 3649 1104 3711 omnia
1125 3651 1210 3711 recte

136 3770 172 3814 se
196 3751 312 3816 habere
335 3755 503 3818 videntur:
539 3760 642 3839 poeta,
678 3757 735 3838 qui
764 3760 848 3819 certe
872 3775 939 3820 non
962 3760 1012 3819 est
1040 3753 1210 3836 Theognis

137 3858 283 3920 bortatur
306 3860 440 3944 sodales,
463 3867 509 3945 ut,
533 3881 608 3924 cum
625 3861 672 3924 sol
696 3862 864 3926 meridiem
887 3861 1089 3942 indicaverit,
1111 3859 1211 3924 finem

135 3967 275 4030 cenandi
298 3966 426 4048 faciant,
441 3969 476 4031 in
492 3989 559 4052 qua
576 3987 685 4032 rerum
703 3969 864 4032 bonarum
883 3969 1027 4031 omnium
1052 3971 1211 4051 quantum

136 4073 240 4136 velint
272 4073 378 4137 ventri
412 4075 625 4158 suppeditent,
661 4079 693 4138 et
727 4077 834 4140 statim
862 4074 903 4137 ad
931 4073 1109 4158 potandum
1141 4091 1211 4138 sese
