2692 4576
610 259 721 359 ,ro

164 454 360 515 convertant.
396 439 473 536 Ἀφ’
497 439 617 536 ἡμέρας
638 448 745 532 igitur,
764 446 803 509 de
823 445 882 526 die,
899 451 981 528 quae
996 441 1113 530 magna
1135 447 1240 512 habe-

164 557 260 621 batur
297 555 559 639 intemperantia,
594 555 791 638 potationem
830 553 919 634 cupit
956 552 1098 618 lascivus
1127 560 1235 639 poeta.

164 663 335 728 Manifesta
357 663 437 725 haec
459 660 612 724 videntur
634 679 718 724 esse:
744 658 800 722 sed
816 659 878 721 viri
893 658 987 742 docti,
1003 661 1058 744 qui
1081 662 1236 744 permulti

163 770 272 833 locum
294 771 523 849 tractaverunt,
538 768 642 830 multa
657 766 719 830 alia
742 766 847 829 conati
871 768 956 847 sunt,
978 768 1111 850 gravius
1135 787 1236 850 quam

165 880 213 939 est
235 875 385 940 affectum
408 874 502 937 illum
526 874 748 938 existimantes
764 875 795 936 et
809 876 847 935 ut
862 871 979 935 medici
994 874 1093 938 nimis
1115 876 1237 958 trepidi

165 982 398 1066 diligentesque
418 982 595 1064 aegriorem
610 979 763 1042 facientes
780 998 878 1061 quam
896 979 1064 1044 saniorem.
1111 979 1238 1046 Omnes

165 1089 252 1151 enim
273 1091 399 1172 praeter
417 1086 643 1151 Hermannum
667 1087 707 1167 (r.
731 1096 841 1167 supra)
864 1085 900 1146 in
924 1080 1059 1150 δείπνου
1081 1082 1239 1175 λήγοιμεν

164 1193 377 1275 offenderunt,
399 1213 474 1256 cum
498 1192 585 1277 quod
608 1211 723 1256 seusus
745 1209 877 1274 poscere
898 1193 939 1255 iis
966 1193 1131 1256 videretur
1152 1195 1239 1258 inci-

163 1318 238 1382 pere
261 1301 422 1383 convivas,
445 1319 512 1364 non
535 1301 681 1364 desinere
703 1297 888 1381 (Bergkius
913 1297 1037 1381 „Locus
1053 1305 1238 1384 corruptus

164 1426 241 1469 uam
264 1426 328 1469 non
351 1411 389 1470 ut
412 1407 559 1470 desinant
582 1405 755 1486 convivari,
779 1405 835 1468 sed
858 1409 895 1468 ut
921 1406 1079 1488 incipiant
1106 1407 1237 1472 sodales

166 1513 311 1576 hortatur
321 1513 462 1596 poeta.“),
476 1518 547 1576 tum
558 1511 738 1576 membrum
749 1513 836 1574 inter
849 1506 1002 1599 λήγοιμεν
1017 1517 1048 1575 et
1063 1508 1240 1578 παντοίων

163 1623 249 1683 recte
272 1624 458 1684 construere
480 1620 669 1701 nescientes,
693 1638 769 1681 cum
793 1612 928 1682 δείπνου
950 1613 1102 1706 λήγοιμεν
1125 1622 1235 1684 conati

164 1727 366 1809 coniungere,
390 1727 484 1810 quod,
517 1744 746 1810 quamcunque
772 1745 830 1808 pro
862 1718 946 1790 ὅπου
973 1726 1233 1793 emendationem

164 1832 379 1916 substituens,
403 1834 471 1898 sive
485 1826 568 1898 ὅπου
591 1833 777 1914 servaveris,
794 1832 864 1896 fieri
886 1834 977 1896 nullo
1000 1833 1095 1896 modo
1118 1837 1235 1917 potest.

165 1938 289 2014 Quibus
314 1939 353 2003 de
376 1942 483 2004 causis
499 1939 685 2003 Brunckius
703 1933 837 2003 δείπνου
861 1934 1122 2028 δήμνήοοιίμεδζ
1146 1932 1234 2020 ὅσον,

162 2047 213 2107 vir
237 2047 349 2109 doctus
382 2047 468 2128 apud
492 2045 772 2110 Schneidewinum
800 2041 935 2110 δείπνου
959 2044 1028 2134 δῆτ’
1053 2037 1235 2130 ἆλέγοιμεν,

164 2144 248 2230 ὅσου,
287 2150 459 2234 Emperius
495 2148 629 2216 δείπνου
657 2147 697 2239 δή
728 2147 911 2238 κήδοίμεδζ
937 2144 1019 2230 ὅτου,
1048 2150 1233 2216 Meinekius

162 2257 212 2341 (in
246 2256 362 2319 Athen.
398 2257 447 2322 ed.
482 2259 544 2320 vol.
568 2258 625 2339 IV,
647 2279 676 2341 p.
703 2259 776 2339 137)
801 2254 936 2323 δείπνου
971 2252 1011 2347 δή
1042 2252 1229 2346 μήδοίμεθζ

163 2354 246 2448 ὅσον,
271 2362 465 2427 Schmidtius
490 2364 523 2444 (l.
546 2363 565 2426 l.
593 2384 622 2446 p.
653 2364 726 2444 190)
758 2359 892 2429 δείπνου
920 2357 1160 2447 δ’δπτοίιιεοδ’,
1195 2356 1233 2426 εἴ

162 2465 227 2534 τιού
250 2493 333 2550 τινα,
346 2469 505 2553 Bergkius
523 2465 657 2534 δείπνου
672 2459 754 2558 δίδην
769 2466 927 2553 ἑλοίοιμεν,
944 2463 1028 2551 ὅσον,
1045 2469 1231 2535 recordatus

162 2578 232 2642 sine
256 2577 355 2641 dubio
371 2576 466 2640 Hom.
483 2583 524 2658 N,
539 2575 614 2658 315,
636 2578 758 2660 2423,
782 2599 805 2659 ε,
830 2578 903 2659 290,
920 2578 977 2641 sed
1000 2578 1101 2641 nihilo
1124 2577 1234 2641 secius

129 2744 134 2752 .
161 2685 418 2749 emendationem
441 2703 506 2746 non
529 2684 698 2768 intelleg03
722 2683 798 2747 iude
822 2684 918 2746 etiam
941 2685 1060 2747 mirum
1083 2683 1174 2767 illud,
1196 2685 1234 2747 in

161 2791 247 2872 quod
260 2790 450 2854 Welckerus
475 2787 518 2873 (p.
544 2788 770 2871 mainsidis:
796 2789 991 2873 „Scripserat
1001 2791 1101 2873 igitur
1112 2790 1236 2874 (poeta)

161 2892 295 2960 δείπνου
320 2891 360 2984 δή
383 2891 604 2984 μνησαίμεδα,
630 2895 749 2981 quibus
783 2890 859 2961 ὅσου
882 2891 956 2960 τινὰ
980 2890 1086 2978 θυμὸς
1109 2887 1234 2982 ἀνώγοι

160 3007 191 3065 et
213 2997 421 3088 χαριζόμενοι
453 3005 658 3081 conveniunt,
692 3003 733 3066 ad
766 2998 918 3088 λήγοιμεν
945 3004 1053 3066 miuus
1077 3007 1164 3086 apta3
1202 3008 1237 3068 et
1261 3088 1270 3101 ,Ι

61 3171 65 3180 ,
157 3109 194 3171 in
217 3109 430 3191 sequentibus
453 3110 589 3194 prandio
605 3109 697 3173 finito
720 3108 863 3173 laborem
877 3109 984 3172 denuo
997 3109 1234 3192 capessendum

159 3215 212 3278 vel
226 3215 315 3278 aliud
334 3217 493 3300 quidquid
511 3216 672 3300 agendum
688 3221 865 3280 monuerat.
915 3213 1008 3290 Quod
1024 3219 1233 3299 praeceptum

161 3343 234 3388 oum
258 3322 385 3405 Bionil)
410 3329 466 3388 aut
489 3323 634 3388 eiusdem
661 3321 783 3386 farinae
806 3322 930 3385 homini
957 3321 1051 3385 valde
1081 3322 1234 3385 ieiunum

160 3433 269 3494 visum
295 3436 386 3512 esset,
408 3431 444 3492 in
468 3430 665 3493 contrarium
689 3430 854 3510 convertit,
869 3423 1084 3516 μνήσοίμεδοι
1107 3431 1236 3492 mutato

159 3539 192 3599 in
217 3532 377 3625 λήγοιμεν,
406 3540 436 3599 et
464 3535 615 3599 adiuncto
637 3537 673 3598 in
699 3536 782 3600 hanc
806 3536 997 3599 sententiam
1030 3533 1166 3598 disticho
1190 3553 1235 3599 ex

159 3644 301 3707 carmine
324 3642 517 3706 convivali“!

270 3749 388 3813 Omnia
411 3749 489 3812 haec
511 3748 600 3812 falsa.
647 3746 729 3812 Sane
752 3752 862 3813 monet
884 3751 986 3830 poeta,
1015 3752 1052 3810 ut
1074 3747 1237 3829 incipiant

267 3995 295 4067 1)
320 3996 374 4052 Cfr.
398 3992 536 4049 Welokeri
553 4010 581 4063 p.
598 3990 733 4047 LXXXV
754 3994 784 4048 in
808 3993 896 4062 capite
920 3993 954 4069 de
983 3993 1100 4062 parodiis
1131 3993 1236 4049 disser-

160 4082 290 4139 tationem
307 4084 343 4139 de
359 4082 446 4141 mom
463 4078 664 4142 ”⁶¹⁹th
674 4079 870 4137 'incertissimis
887 4081 1051 4137 coniecturis
1069 4081 1186 4151 planam.
