2692 4576
624 261 664 323 47

215 477 244 519 v.
270 452 481 517 647-648.
511 452 561 531 32,
589 452 618 513 4.
667 471 694 512 v.
727 449 791 512 648
818 447 893 511 libri
922 447 1061 532 Theogn.
1089 451 1174 511 recte

107 566 206 651 γαῖαν
227 555 474 647 ἐπιστρέφεται,
498 556 583 621 Stob.
600 556 879 640 neglegentissime
902 556 998 639 γαῖαν
1020 549 1174 640 ἒπὲρχεδ’

108 664 206 754 ὁμῶς,
231 688 296 752 qua
317 667 354 729 in
375 665 513 728 lectione
537 656 626 746 ὁμῶς
648 662 844 726 vocabulum
872 679 1005 744 prorsus
1028 661 1174 743 ineptum

109 781 166 843 est.
212 773 433 839 Librariorunr
455 769 619 833 socordiae
642 768 796 832 mendum
815 766 1025 831 tribuendum
1041 784 1111 830 esse
1134 785 1176 830 ex

109 901 146 948 eo
180 880 338 964 nequitur,
374 876 461 960 quod
494 877 530 938 in
552 874 690 938 Joannis
713 873 906 938 Damasceni
928 872 1095 937 Parallelis
1127 892 1176 936 sa-

110 989 181 1067 one,
225 1003 309 1069 quae
343 1002 385 1046 ex
416 983 590 1066 integriore
621 981 875 1046 Stobaeanorum
908 979 1177 1044 collectaneorum

112 1092 261 1176 exemplo
300 1090 487 1173 deprompta
521 1093 598 1152 sunt
633 1108 730 1171 quam
767 1107 831 1171 quo
857 1087 952 1151 hodie
981 1087 1103 1149 utimur
1132 1083 1177 1168 (v.

116 1198 212 1263 Gaief.
233 1197 259 1280 I,
280 1216 310 1281 p.
334 1194 449 1275 vni),
473 1199 560 1258 recte
590 1195 708 1283 legitur
734 1188 980 1280 ἐπιστρέφεται.
1009 1191 1049 1257 V.
1080 1190 1176 1255 (taisi.

116 1306 156 1369 ad
178 1305 198 1369 l.
221 1308 253 1368 et
273 1301 331 1385 IV,
352 1322 384 1386 p.
411 1301 462 1382 69,
485 1299 621 1364 Meinelr.
646 1300 702 1383 IV,
725 1322 755 1385 p.
779 1302 852 1363 230.
876 1337 919 1346 -

218 1431 248 1474 v.
283 1407 509 1472 649-652.
549 1407 600 1489 96,
636 1408 687 1472 14.
724 1428 753 1470 v.
790 1407 852 1469 651
885 1406 962 1470 libri
983 1404 1178 1489 Theognidei
1283 1450 1286 1455 ·

146 1510 265 1603 αἰσχρὰ
289 1511 326 1580 δέ
347 1505 381 1597 μ’
401 1505 458 1579 οὖν.
481 1510 639 1578 ἐθέλοντα
662 1509 718 1600 βίῃ
742 1511 809 1578 καὶ
834 1509 941 1578 πολλὰ
966 1508 1144 1589 διδάσκεις,

111 1629 143 1688 at
174 1622 260 1687 Stob.
297 1614 397 1685 κακὰ
422 1614 530 1684 πολλὰ
554 1616 731 1709 διδάσκεις.
777 1620 846 1684 Nec
881 1620 1041 1684 dubitavit
1070 1616 1179 1681 Nietz-

112 1730 222 1795 schius
252 1728 274 1793 l.
298 1727 319 1791 l.
343 1725 473 1793 Stobaei
505 1726 675 1790 lectionem
708 1730 858 1811 optimam
890 1728 1032 1790 iudicare
1056 1729 1087 1788 et
1111 1725 1179 1806 dig-

113 1837 293 1915 uissimam,
315 1852 399 1916 quae
434 1834 470 1895 in
502 1837 629 1896 textum
651 1832 929 1918 Theognideorum
965 1834 1177 1915 reciperetur3

116 1940 322 2023 Hartungius
349 1958 477 2022 qnoque
510 1958 580 2002 eam
604 1944 734 2004 secutus
758 1945 814 2004 est.
860 1939 922 2003 Sed
946 1958 1004 2023 ego
1029 1937 1180 2020 equidem

118 2047 261 2131 primum
283 2044 401 2127 iudico,
420 2044 575 2109 librorum
598 2046 737 2130 Theogn.
762 2048 932 2111 lectionem
958 2050 1045 2110 recte
1068 2063 1102 2109 se
1124 2043 1180 2106 ha-

115 2153 201 2234 bere,
224 2158 306 2234 tum,
332 2152 360 2214 si
386 2151 421 2213 in
447 2170 485 2215 ea
514 2154 585 2216 iure
610 2154 775 2217 existimas
798 2159 829 2217 te
861 2152 1030 2234 offendere,
1053 2150 1181 2216 Stobaei

112 2259 307 2341 neutiquam
324 2256 490 2322 meliorem
512 2262 618 2342 putari
641 2281 744 2344 posse.
790 2261 887 2326 Recte
911 2261 997 2325 enim
1017 2260 1181 2344 Zieglerus

110 2364 212 2430 rerba
244 2358 303 2451 βίῃ
336 2359 394 2429 wi
427 2362 535 2430 πολλά
557 2369 783 2452 interpretatus
818 2389 889 2433 esse
924 2369 1003 2431 mihi
1037 2367 1179 2429 videtur:

10 2531 15 2539 .
112 2470 193 2556 „Mn
215 2469 339 2534 Gewalt
361 2470 431 2535 und
454 2473 490 2534 in
512 2472 656 2558 illenge“,
688 2477 808 2559 quain
832 2476 1092 2559 interpretatione
1115 2490 1181 2534 non

117 2576 229 2641 dubito
254 2578 331 2660 quin
356 2580 478 2663 optimo
510 2583 582 2645 iure
614 2584 776 2665 possimus
801 2583 1013 2665 acquiescere.
1062 2576 1181 2641 Contra

117 2681 279 2747 Stobensis
299 2684 392 2748 lectio
425 2687 487 2750 hoc
509 2687 607 2751 habet
638 2688 839 2753 offensionis:
875 2708 945 2751 eam
976 2688 1003 2750 si
1027 2684 1181 2767 sequeris,

115 2782 236 2875 αἰσχρὰ
267 2791 472 2876 vocabulum,
508 2795 595 2878 quod
627 2797 662 2857 in
692 2795 847 2860 librorum
875 2794 1014 2879 Theogn.
1045 2791 1181 2856 lectione

113 2893 214 2960 simul
240 2914 316 2961 cum
344 2897 403 2964 καὶ
432 2897 541 2966 πολλὰ
569 2901 676 2966 verbis
703 2902 910 2966 referendum
938 2907 986 2966 est
1014 2900 1054 2963 ad
1086 2892 1182 2962 διδά-

118 3020 216 3083 σκεις,
233 3003 431 3089 coniungere
448 3005 545 3071 debes
561 3028 634 3071 curn
655 3007 689 3090 μ’
707 3001 762 3072 oia
778 3005 935 3072 ἐθέλοντα
951 3015 1038 3090 (nam
1062 3000 1182 3092 αἰσχρὰ

118 3104 202 3175 κακὰ
225 3106 395 3189 διδάσκεις
418 3116 562 3176 construi
584 3115 674 3177 nullo
697 3115 792 3178 modo
816 3117 945 3198 potest);
976 3134 1051 3178 cum
1074 3119 1183 3177 autem

115 3216 179 3281 iam
213 3219 361 3301 proximo
397 3237 495 3283 versu
529 3218 621 3304 (652)
656 3221 846 3285 attributum
880 3222 919 3284 ad
942 3217 985 3303 μέ
1018 3221 1183 3301 adiciatur,

114 3320 192 3387 ferri
213 3324 295 3387 milri
319 3324 445 3388 videtur
467 3345 533 3388 non
556 3347 658 3410 posse,
682 3327 876 3392 vocabulum
908 3327 950 3411 μέ
982 3329 1110 3392 duobus
1133 3328 1183 3390 his

115 3427 277 3493 attributis
300 3424 421 3516 αἰσχρὰ
445 3422 502 3496 οὐκ
531 3427 689 3498 {fleterre
713 3440 744 3498 et
766 3430 873 3500 iaetu
896 3436 966 3519 μετ’
991 3428 1183 3520 ἀνθρώπων

112 3531 172 3598 καὶ
195 3530 268 3599 κάλ’
285 3531 506 3620 ἐπιστάμενον
530 3541 599 3603 sine
616 3541 683 3603 ulla
699 3543 925 3607 coniunctione
953 3542 1052 3607 simul
1067 3542 1182 3605 ornari.

116 3640 237 3706 Contra
259 3644 295 3708 in
318 3644 465 3708 codicum
488 3644 627 3730 Theogn.
652 3648 788 3712 lectione
812 3640 868 3713 οὐκ
891 3645 1057 3729 Etitovio,
1081 3650 1184 3731 „invi-

114 3750 213 3831 tum,“
245 3750 351 3814 solum
380 3771 438 3835 per
470 3771 504 3816 se
539 3755 657 3836 optime
681 3755 721 3817 ad
754 3755 843 3818 aliud
867 3755 1066 3836 attributum,
1099 3754 1184 3837 quod

50 3886 53 3891 ’
114 3873 217 3921 versu
241 3856 305 3920 652
329 3859 518 3940 continetur,
541 3865 646 3943 potest
669 3862 826 3926 accedere.
873 3861 978 3925 Prava
1005 3863 1105 3945 igitur
1127 3861 1183 3923 ha-

114 3960 225 4027 benda
247 3969 297 4029 est
319 3963 447 4029 Stobaei
470 3965 563 4028 lectio
579 3972 743 4052 tantopere
759 3968 897 4032 laudata.
933 3968 1103 4051 Bergium,
1126 3967 1184 4050 qui

113 4068 153 4133 in
186 4067 271 4135 Mus.
304 4070 406 4136 Rhen.
429 4092 457 4156 p.
482 4071 546 4134 466
582 4069 667 4137 κακά
702 4093 776 4138 curn
811 4073 946 4138 Stobaeo
978 4071 1184 4137 scribendum
